transaction_date,value_date,description,reference,debit,credit,balance
2023-09-02,2023-09-02,Subcontractors expense,REF25053563,1672.44,0.0,275378.42
2023-09-02,2023-09-02,Business materials,REF94424730,393.96,0.0,274984.46
2023-09-08,2023-09-08,Fuel purchase,REF49296538,150.0,0.0,274834.46
2023-09-09,2023-09-09,Equipment Rental expense,REF93788010,225.39,0.0,274609.07
2023-09-12,2023-09-12,Business materials,REF78355319,1088.64,0.0,273520.43
2023-09-15,2023-09-15,Business insurance premium,REF46520258,215.56,0.0,273304.87
2023-09-15,2023-09-15,Service payment - Solis and Sons,REF64160140,0.0,259.09,273563.96
2023-09-15,2023-09-15,"Service payment - Brown, Smith and Sanchez",REF58047926,0.0,884.07,274448.03
2023-09-15,2023-09-15,Payment from Smith-Rowe,REF27274535,0.0,1275.58,275723.61
2023-09-15,2023-09-15,Service payment - Hoover-Camacho,REF35854810,0.0,1156.18,276879.79
2023-09-15,2023-09-15,Safety Equipment expense,REF19870807,67.44,0.0,276812.35
2023-09-16,2023-09-16,Safety Equipment expense,REF38766936,65.71,0.0,276746.64
2023-09-17,2023-09-17,Fuel purchase,REF79498181,318.5,0.0,276428.14
2023-09-17,2023-09-17,Business materials,REF57526823,890.68,0.0,275537.46
2023-09-20,2023-09-20,Subcontractors expense,REF41987831,1320.48,0.0,274216.98
2023-09-21,2023-09-21,Business materials,REF95333115,668.29,0.0,273548.69
2023-09-25,2023-09-25,Subcontractors expense,REF10343228,1587.02,0.0,271961.67
2023-09-28,2023-09-28,Business materials,REF72442720,509.68,0.0,271451.99
2023-09-30,2023-09-30,Payment from Smith-Rowe,REF35118834,0.0,899.35,272351.34
2023-09-30,2023-09-30,"Service payment - Brown, Smith and Sanchez",REF86908345,0.0,1376.43,273727.77
2023-09-30,2023-09-30,Project payment - Moreno PLC,REF53625918,0.0,1436.45,275164.22
2023-09-30,2023-09-30,Project payment - Solis and Sons,REF30442289,0.0,194.84,275359.06
2023-09-30,2023-09-30,Service payment - Hoover-Camacho,REF75323303,0.0,1564.27,276923.33
2023-10-01,2023-10-01,Permits Licenses expense,REF51109802,46.57,0.0,276876.76
2023-10-04,2023-10-04,Safety Equipment expense,REF23455695,86.04,0.0,276790.72
2023-10-05,2023-10-05,Permits Licenses expense,REF28652886,131.37,0.0,276659.35
2023-10-06,2023-10-06,Fuel purchase,REF86856764,297.63,0.0,276361.72
2023-10-08,2023-10-08,Permits Licenses expense,REF88667847,92.57,0.0,276269.15
2023-10-10,2023-10-10,Safety Equipment expense,REF42010305,75.81,0.0,276193.34
2023-10-15,2023-10-15,Project payment - Hoover-Camacho,REF61211187,0.0,1135.55,277328.89
2023-10-15,2023-10-15,Invoice payment - Solis and Sons,REF18184618,0.0,201.24,277530.13
2023-10-15,2023-10-15,Business insurance premium,REF96876998,192.57,0.0,277337.56
2023-10-15,2023-10-15,Service payment - Moreno PLC,REF28591129,0.0,1042.35,278379.91
2023-10-15,2023-10-15,Service payment - Smith-Rowe,REF42856337,0.0,1006.48,279386.39
2023-10-15,2023-10-15,"Service payment - Brown, Smith and Sanchez",REF50913676,0.0,1165.37,280551.76
2023-10-25,2023-10-25,Safety Equipment expense,REF25517910,104.46,0.0,280447.3
2023-10-26,2023-10-26,Business materials,REF76173377,687.06,0.0,279760.24
2023-10-27,2023-10-27,Subcontractors expense,REF49551516,1294.46,0.0,278465.78
2023-10-30,2023-10-30,Service payment - Hoover-Camacho,REF77709426,0.0,1659.76,280125.54
2023-10-30,2023-10-30,Service payment - Moreno PLC,REF90609267,0.0,1155.23,281280.77
2023-10-30,2023-10-30,"Invoice payment - Brown, Smith and Sanchez",REF72624246,0.0,1263.28,282544.05
2023-10-30,2023-10-30,Service payment - Smith-Rowe,REF59242255,0.0,750.87,283294.92
2023-10-30,2023-10-30,Payment from Solis and Sons,REF30653510,0.0,204.94,283499.86
2023-11-01,2023-11-01,Equipment Rental expense,REF66756945,275.87,0.0,283223.99
2023-11-02,2023-11-02,Safety Equipment expense,REF58121826,98.92,0.0,283125.07
2023-11-06,2023-11-06,Safety Equipment expense,REF19197749,73.45,0.0,283051.62
2023-11-09,2023-11-09,Permits Licenses expense,REF91835374,88.83,0.0,282962.79
2023-11-12,2023-11-12,Fuel purchase,REF26464747,161.44,0.0,282801.35
2023-11-14,2023-11-14,Tools expense,REF86542611,46.19,0.0,282755.16
2023-11-15,2023-11-15,Payment from Hoover-Camacho,REF47082031,0.0,840.55,283595.71
2023-11-15,2023-11-15,Fuel purchase,REF24814466,277.31,0.0,283318.4
2023-11-15,2023-11-15,Business insurance premium,REF41245340,171.63,0.0,283146.77
2023-11-15,2023-11-15,"Service payment - Brown, Smith and Sanchez",REF60576335,0.0,1189.62,284336.39
2023-11-15,2023-11-15,Payment from Moreno PLC,REF23734266,0.0,1184.78,285521.17
2023-11-15,2023-11-15,Payment from Smith-Rowe,REF18955659,0.0,909.71,286430.88
2023-11-15,2023-11-15,Service payment - Solis and Sons,REF27327701,0.0,168.51,286599.39
2023-11-18,2023-11-18,Permits Licenses expense,REF21569632,86.94,0.0,286512.45
2023-11-19,2023-11-19,Business materials,REF37591487,609.26,0.0,285903.19
2023-11-22,2023-11-22,Fuel purchase,REF34858826,347.47,0.0,285555.72
2023-11-28,2023-11-28,Tools expense,REF52695224,128.26,0.0,285427.46
2023-11-30,2023-11-30,Invoice payment - Hoover-Camacho,REF77911374,0.0,1322.8,286750.26
2023-11-30,2023-11-30,Project payment - Solis and Sons,REF23752243,0.0,197.51,286947.77
2023-11-30,2023-11-30,Project payment - Smith-Rowe,REF13024145,0.0,704.13,287651.9
2023-11-30,2023-11-30,"Project payment - Brown, Smith and Sanchez",REF43388748,0.0,1201.81,288853.71
2023-11-30,2023-11-30,Invoice payment - Moreno PLC,REF80496442,0.0,988.16,289841.87
2023-12-03,2023-12-03,Business materials,REF91538888,769.36,0.0,289072.51
2023-12-05,2023-12-05,Permits Licenses expense,REF84800108,41.39,0.0,289031.12
2023-12-11,2023-12-11,Fuel purchase,REF69631827,243.95,0.0,288787.17
2023-12-15,2023-12-15,Invoice payment - Smith-Rowe,REF32012093,0.0,565.84,289353.01
2023-12-15,2023-12-15,Service payment - Hoover-Camacho,REF56083347,0.0,730.38,290083.39
2023-12-15,2023-12-15,Payment from Moreno PLC,REF58266061,0.0,870.27,290953.66
2023-12-15,2023-12-15,Business insurance premium,REF98280104,117.09,0.0,290836.57
2023-12-15,2023-12-15,Payment from Solis and Sons,REF73476117,0.0,144.42,290980.99
2023-12-15,2023-12-15,"Payment from Brown, Smith and Sanchez",REF80344058,0.0,757.16,291738.15
2023-12-15,2023-12-15,Business materials,REF98930544,550.77,0.0,291187.38
2023-12-16,2023-12-16,Fuel purchase,REF54315446,299.04,0.0,290888.34
2023-12-17,2023-12-17,Vehicle Maintenance expense,REF88430606,62.04,0.0,290826.3
2023-12-18,2023-12-18,Safety Equipment expense,REF25446378,56.38,0.0,290769.92
2023-12-20,2023-12-20,Fuel purchase,REF16409757,242.2,0.0,290527.72
2023-12-22,2023-12-22,Business materials,REF60192124,597.29,0.0,289930.43
2023-12-26,2023-12-26,Business materials,REF64713557,165.89,0.0,289764.54
2023-12-28,2023-12-28,Permits Licenses expense,REF87170819,49.63,0.0,289714.91
2023-12-30,2023-12-30,Service payment - Hoover-Camacho,REF51051164,0.0,764.9,290479.81
2023-12-30,2023-12-30,Service payment - Moreno PLC,REF47744962,0.0,816.27,291296.08
2023-12-30,2023-12-30,Service payment - Solis and Sons,REF12721330,0.0,111.24,291407.32
2023-12-30,2023-12-30,"Project payment - Brown, Smith and Sanchez",REF30074826,0.0,756.52,292163.84
2023-12-30,2023-12-30,Equipment Rental expense,REF61360307,347.39,0.0,291816.45
2023-12-30,2023-12-30,Service payment - Smith-Rowe,REF27444063,0.0,587.52,292403.97
2024-01-03,2024-01-03,Safety Equipment expense,REF44960577,26.98,0.0,292376.99
2024-01-06,2024-01-06,Business materials,REF54771973,520.23,0.0,291856.76
2024-01-11,2024-01-11,Business materials,REF41388659,724.84,0.0,291131.92
2024-01-12,2024-01-12,Fuel purchase,REF42775370,244.24,0.0,290887.68
2024-01-14,2024-01-14,Business materials,REF72344065,892.97,0.0,289994.71
2024-01-15,2024-01-15,Project payment - Hoover-Camacho,REF43754922,0.0,854.96,290849.67
2024-01-15,2024-01-15,"Invoice payment - Brown, Smith and Sanchez",REF70211672,0.0,757.61,291607.28
2024-01-15,2024-01-15,Equipment Rental expense,REF50112071,492.92,0.0,291114.36
2024-01-15,2024-01-15,Invoice payment - Solis and Sons,REF76849037,0.0,97.15,291211.51
2024-01-15,2024-01-15,Project payment - Moreno PLC,REF13009200,0.0,915.11,292126.62
2024-01-15,2024-01-15,Business insurance premium,REF86180085,142.63,0.0,291983.99
2024-01-15,2024-01-15,Service payment - Smith-Rowe,REF61817013,0.0,750.84,292734.83
2024-01-15,2024-01-15,Business materials,REF53416848,352.46,0.0,292382.37
2024-01-18,2024-01-18,Permits Licenses expense,REF77152523,46.97,0.0,292335.4
2024-01-19,2024-01-19,Equipment Rental expense,REF15356845,291.05,0.0,292044.35
2024-01-19,2024-01-19,Business materials,REF79715315,916.07,0.0,291128.28
2024-01-20,2024-01-20,Business materials,REF86388890,467.78,0.0,290660.5
2024-01-21,2024-01-21,Subcontractors expense,REF71296097,668.75,0.0,289991.75
2024-01-24,2024-01-24,Business materials,REF33439376,346.8,0.0,289644.95
2024-01-30,2024-01-30,Service payment - Solis and Sons,REF60565857,0.0,95.92,289740.87
2024-01-30,2024-01-30,Payment from Hoover-Camacho,REF15178636,0.0,942.73,290683.6
2024-01-30,2024-01-30,Payment from Smith-Rowe,REF54472279,0.0,704.41,291388.01
2024-01-30,2024-01-30,"Service payment - Brown, Smith and Sanchez",REF86940244,0.0,631.27,292019.28
2024-01-30,2024-01-30,Invoice payment - Moreno PLC,REF80029535,0.0,1102.71,293121.99
2024-01-31,2024-01-31,Vehicle Maintenance expense,REF96628229,60.87,0.0,293061.12
2024-02-03,2024-02-03,Subcontractors expense,REF80874338,831.61,0.0,292229.51
2024-02-06,2024-02-06,Fuel purchase,REF37376058,287.36,0.0,291942.15
2024-02-07,2024-02-07,Business materials,REF72881594,794.44,0.0,291147.71
2024-02-09,2024-02-09,Business materials,REF63036789,602.22,0.0,290545.49
2024-02-11,2024-02-11,Equipment Rental expense,REF60043554,177.04,0.0,290368.45
2024-02-11,2024-02-11,Vehicle Maintenance expense,REF60726656,100.23,0.0,290268.22
2024-02-12,2024-02-12,Vehicle Maintenance expense,REF46724875,124.08,0.0,290144.14
2024-02-15,2024-02-15,Project payment - Solis and Sons,REF82699872,0.0,101.45,290245.59
2024-02-15,2024-02-15,Business insurance premium,REF55732890,160.13,0.0,290085.46
2024-02-15,2024-02-15,"Payment from Brown, Smith and Sanchez",REF74625898,0.0,884.71,290970.17
2024-02-15,2024-02-15,Invoice payment - Hoover-Camacho,REF84601755,0.0,1262.76,292232.93
2024-02-15,2024-02-15,Service payment - Moreno PLC,REF79577274,0.0,1114.18,293347.11
2024-02-15,2024-02-15,Business materials,REF25672641,901.09,0.0,292446.02
2024-02-15,2024-02-15,Service payment - Smith-Rowe,REF62559447,0.0,888.88,293334.9
2024-02-18,2024-02-18,Subcontractors expense,REF67926453,708.49,0.0,292626.41
2024-02-18,2024-02-18,Permits Licenses expense,REF49066466,63.77,0.0,292562.64
2024-02-22,2024-02-22,Fuel purchase,REF43706911,226.36,0.0,292336.28
2024-02-22,2024-02-22,Tools expense,REF99621830,80.36,0.0,292255.92
2024-02-28,2024-02-28,Project payment - Moreno PLC,REF93443139,0.0,1323.23,293579.15
2024-02-28,2024-02-28,Project payment - Solis and Sons,REF59416003,0.0,208.01,293787.16
2024-02-28,2024-02-28,"Invoice payment - Brown, Smith and Sanchez",REF95663114,0.0,1193.32,294980.48
2024-02-28,2024-02-28,Service payment - Hoover-Camacho,REF94147494,0.0,1150.25,296130.73
2024-02-28,2024-02-28,Vehicle Maintenance expense,REF78479016,144.19,0.0,295986.54
2024-02-28,2024-02-28,Invoice payment - Smith-Rowe,REF71341989,0.0,959.74,296946.28
2024-02-29,2024-02-29,Safety Equipment expense,REF83548154,40.72,0.0,296905.56
2024-03-02,2024-03-02,Fuel purchase,REF44939564,232.22,0.0,296673.34
2024-03-04,2024-03-04,Business materials,REF65174226,483.03,0.0,296190.31
2024-03-07,2024-03-07,Permits Licenses expense,REF78111241,83.82,0.0,296106.49
2024-03-07,2024-03-07,Business materials,REF98704631,827.71,0.0,295278.78
2024-03-07,2024-03-07,Subcontractors expense,REF43001826,964.78,0.0,294314.0
2024-03-08,2024-03-08,Business materials,REF10975012,965.67,0.0,293348.33
2024-03-12,2024-03-12,Tools expense,REF61123026,70.65,0.0,293277.68
2024-03-14,2024-03-14,Equipment Rental expense,REF30912215,405.59,0.0,292872.09
2024-03-15,2024-03-15,Business insurance premium,REF11287331,197.88,0.0,292674.21
2024-03-15,2024-03-15,Service payment - Smith-Rowe,REF73164977,0.0,866.69,293540.9
2024-03-15,2024-03-15,Invoice payment - Hoover-Camacho,REF56161257,0.0,1501.21,295042.11
2024-03-15,2024-03-15,"Payment from Brown, Smith and Sanchez",REF55423373,0.0,1419.17,296461.28
2024-03-15,2024-03-15,Invoice payment - Solis and Sons,REF36434865,0.0,180.83,296642.11
2024-03-15,2024-03-15,Project payment - Moreno PLC,REF67421375,0.0,1241.0,297883.11
2024-03-17,2024-03-17,Business materials,REF11957246,1100.24,0.0,296782.87
2024-03-18,2024-03-18,Business materials,REF51962295,826.53,0.0,295956.34
2024-03-21,2024-03-21,Safety Equipment expense,REF36861994,74.54,0.0,295881.8
2024-03-22,2024-03-22,Fuel purchase,REF81012756,275.2,0.0,295606.6
2024-03-22,2024-03-22,Safety Equipment expense,REF31502625,51.18,0.0,295555.42
2024-03-25,2024-03-25,Business materials,REF86363538,1309.5,0.0,294245.92
2024-03-25,2024-03-25,Permits Licenses expense,REF16424536,112.09,0.0,294133.83
2024-03-26,2024-03-26,Vehicle Maintenance expense,REF16600600,158.93,0.0,293974.9
2024-03-28,2024-03-28,Business materials,REF95363864,978.1,0.0,292996.8
2024-03-29,2024-03-29,Tools expense,REF12798469,121.78,0.0,292875.02
2024-03-30,2024-03-30,Service payment - Smith-Rowe,REF27778564,0.0,1094.09,293969.11
2024-03-30,2024-03-30,Service payment - Solis and Sons,REF22859336,0.0,185.57,294154.68
2024-03-30,2024-03-30,Service payment - Moreno PLC,REF33074775,0.0,1019.96,295174.64
2024-03-31,2024-03-31,Equipment Rental expense,REF25511165,401.23,0.0,294773.41
2024-04-05,2024-04-05,Fuel purchase,REF18154065,302.09,0.0,294471.32
2024-04-05,2024-04-05,Business materials,REF25591330,761.82,0.0,293709.5
2024-04-05,2024-04-05,Permits Licenses expense,REF26560402,133.87,0.0,293575.63
2024-04-09,2024-04-09,Fuel purchase,REF14919530,387.85,0.0,293187.78
2024-04-15,2024-04-15,Invoice payment - Moreno PLC,REF64846565,0.0,1733.62,294921.4
2024-04-15,2024-04-15,Business insurance premium,REF25887843,219.61,0.0,294701.79
2024-04-15,2024-04-15,Project payment - Hoover-Camacho,REF13921706,0.0,1605.17,296306.96
2024-04-15,2024-04-15,Invoice payment - Smith-Rowe,REF95222057,0.0,1436.35,297743.31
2024-04-20,2024-04-20,Business materials,REF63644321,600.46,0.0,297142.85
2024-04-22,2024-04-22,Fuel purchase,REF41707581,245.22,0.0,296897.63
2024-04-23,2024-04-23,Fuel purchase,REF52772480,291.37,0.0,296606.26
2024-04-28,2024-04-28,Safety Equipment expense,REF65586049,63.32,0.0,296542.94
2024-04-30,2024-04-30,Business materials,REF31533133,993.15,0.0,295549.79
2024-04-30,2024-04-30,"Invoice payment - Brown, Smith and Sanchez",REF13144010,0.0,1482.72,297032.51
2024-04-30,2024-04-30,Safety Equipment expense,REF65541442,58.51,0.0,296974.0
2024-04-30,2024-04-30,Service payment - Solis and Sons,REF99139231,0.0,321.06,297295.06
2024-04-30,2024-04-30,Project payment - Hoover-Camacho,REF70318967,0.0,1415.1,298710.16
2024-04-30,2024-04-30,Invoice payment - Smith-Rowe,REF75332062,0.0,1097.85,299808.01
2024-04-30,2024-04-30,Invoice payment - Moreno PLC,REF46113253,0.0,1262.68,301070.69
2024-05-03,2024-05-03,Vehicle Maintenance expense,REF63366990,321.32,0.0,300749.37
2024-05-04,2024-05-04,Vehicle Maintenance expense,REF22268383,187.79,0.0,300561.58
2024-05-07,2024-05-07,Tools expense,REF67178057,77.16,0.0,300484.42
2024-05-10,2024-05-10,Fuel purchase,REF92870744,362.32,0.0,300122.1
2024-05-13,2024-05-13,Vehicle Maintenance expense,REF67548020,282.17,0.0,299839.93
2024-05-15,2024-05-15,Business materials,REF41753280,1084.19,0.0,298755.74
2024-05-15,2024-05-15,Business insurance premium,REF36274692,236.09,0.0,298519.65
2024-05-15,2024-05-15,Safety Equipment expense,REF60871906,114.09,0.0,298405.56
2024-05-15,2024-05-15,Payment from Hoover-Camacho,REF70849148,0.0,2170.56,300576.12
2024-05-15,2024-05-15,Tools expense,REF55880727,64.15,0.0,300511.97
2024-05-15,2024-05-15,Invoice payment - Moreno PLC,REF48013392,0.0,1338.01,301849.98
2024-05-15,2024-05-15,Project payment - Solis and Sons,REF39245976,0.0,299.42,302149.4
2024-05-15,2024-05-15,"Invoice payment - Brown, Smith and Sanchez",REF33444967,0.0,1837.28,303986.68
2024-05-20,2024-05-20,Fuel purchase,REF44808165,426.88,0.0,303559.8
2024-05-22,2024-05-22,Business materials,REF81107364,542.21,0.0,303017.59
2024-05-23,2024-05-23,Permits Licenses expense,REF56858767,66.62,0.0,302950.97
2024-05-24,2024-05-24,Subcontractors expense,REF59231801,719.23,0.0,302231.74
2024-05-25,2024-05-25,Permits Licenses expense,REF27665136,80.91,0.0,302150.83
2024-05-26,2024-05-26,Fuel purchase,REF32538343,482.7,0.0,301668.13
2024-05-30,2024-05-30,Project payment - Solis and Sons,REF35806357,0.0,252.0,301920.13
2024-05-30,2024-05-30,Payment from Hoover-Camacho,REF15450178,0.0,1476.53,303396.66
2024-05-30,2024-05-30,"Project payment - Brown, Smith and Sanchez",REF48942478,0.0,1980.25,305376.91
2024-05-30,2024-05-30,Invoice payment - Smith-Rowe,REF17367007,0.0,1299.83,306676.74
2024-05-30,2024-05-30,Project payment - Moreno PLC,REF93143761,0.0,1599.79,308276.53
2024-06-02,2024-06-02,Tools expense,REF72071836,194.05,0.0,308082.48
2024-06-06,2024-06-06,Permits Licenses expense,REF52846997,102.35,0.0,307980.13
2024-06-11,2024-06-11,Subcontractors expense,REF47765429,1181.69,0.0,306798.44
2024-06-15,2024-06-15,Payment from Smith-Rowe,REF41232248,0.0,1276.54,308074.98
2024-06-15,2024-06-15,Business insurance premium,REF92980553,254.51,0.0,307820.47
2024-06-15,2024-06-15,"Invoice payment - Brown, Smith and Sanchez",REF70453980,0.0,1722.59,309543.06
2024-06-15,2024-06-15,Project payment - Solis and Sons,REF40913298,0.0,267.6,309810.66
2024-06-15,2024-06-15,Invoice payment - Moreno PLC,REF80627174,0.0,1882.91,311693.57
2024-06-15,2024-06-15,Invoice payment - Hoover-Camacho,REF79984468,0.0,1950.85,313644.42
2024-06-15,2024-06-15,Tools expense,REF67450922,171.55,0.0,313472.87
2024-06-19,2024-06-19,Fuel purchase,REF39356821,521.63,0.0,312951.24
2024-06-20,2024-06-20,Fuel purchase,REF93917139,205.25,0.0,312745.99
2024-06-20,2024-06-20,Business materials,REF25902302,733.65,0.0,312012.34
2024-06-28,2024-06-28,Business materials,REF31623446,1015.53,0.0,310996.81
2024-06-29,2024-06-29,Fuel purchase,REF47911136,150.43,0.0,310846.38
2024-06-30,2024-06-30,Payment from Hoover-Camacho,REF19072204,0.0,1706.8,312553.18
2024-06-30,2024-06-30,"Service payment - Brown, Smith and Sanchez",REF15825435,0.0,1857.08,314410.26
2024-06-30,2024-06-30,Invoice payment - Solis and Sons,REF34019655,0.0,337.27,314747.53
2024-06-30,2024-06-30,Payment from Moreno PLC,REF23204632,0.0,1638.57,316386.1
2024-07-03,2024-07-03,Permits Licenses expense,REF80890890,53.1,0.0,316333.0
2024-07-06,2024-07-06,Tools expense,REF22423386,135.88,0.0,316197.12
2024-07-09,2024-07-09,Fuel purchase,REF49615488,156.38,0.0,316040.74
2024-07-13,2024-07-13,Tools expense,REF53423073,105.65,0.0,315935.09
2024-07-14,2024-07-14,Fuel purchase,REF25747463,374.97,0.0,315560.12
2024-07-15,2024-07-15,Business insurance premium,REF43721108,214.72,0.0,315345.4
2024-07-15,2024-07-15,Payment from Solis and Sons,REF56209222,0.0,268.97,315614.37
2024-07-15,2024-07-15,Service payment - Hoover-Camacho,REF88725837,0.0,1564.97,317179.34
2024-07-15,2024-07-15,"Payment from Brown, Smith and Sanchez",REF30429824,0.0,1044.7,318224.04
2024-07-15,2024-07-15,Invoice payment - Moreno PLC,REF38706526,0.0,1544.51,319768.55
2024-07-15,2024-07-15,Invoice payment - Smith-Rowe,REF99097108,0.0,1137.05,320905.6
2024-07-16,2024-07-16,Business materials,REF89333032,1082.39,0.0,319823.21
2024-07-24,2024-07-24,Fuel purchase,REF93812636,385.17,0.0,319438.04
2024-07-25,2024-07-25,Safety Equipment expense,REF89205256,73.75,0.0,319364.29
2024-07-29,2024-07-29,Vehicle Maintenance expense,REF92837030,235.24,0.0,319129.05
2024-07-30,2024-07-30,Payment from Moreno PLC,REF52228030,0.0,1493.97,320623.02
2024-07-30,2024-07-30,"Service payment - Brown, Smith and Sanchez",REF44493489,0.0,1643.14,322266.16
2024-07-30,2024-07-30,Service payment - Smith-Rowe,REF90727603,0.0,925.0,323191.16
2024-07-30,2024-07-30,Payment from Hoover-Camacho,REF35424346,0.0,1728.9,324920.06
2024-07-30,2024-07-30,Project payment - Solis and Sons,REF96149315,0.0,233.91,325153.97
2024-08-04,2024-08-04,Fuel purchase,REF53130532,295.75,0.0,324858.22
2024-08-05,2024-08-05,Subcontractors expense,REF25332225,1040.79,0.0,323817.43
2024-08-09,2024-08-09,Permits Licenses expense,REF51776151,113.46,0.0,323703.97
2024-08-10,2024-08-10,Fuel purchase,REF71675397,449.04,0.0,323254.93
2024-08-15,2024-08-15,Service payment - Solis and Sons,REF73905602,0.0,298.28,323553.21
2024-08-15,2024-08-15,Service payment - Hoover-Camacho,REF63985310,0.0,2009.28,325562.49
2024-08-15,2024-08-15,Project payment - Moreno PLC,REF70351149,0.0,1580.92,327143.41
2024-08-15,2024-08-15,"Service payment - Brown, Smith and Sanchez",REF64576136,0.0,1562.08,328705.49
2024-08-15,2024-08-15,Invoice payment - Smith-Rowe,REF46843775,0.0,977.69,329683.18
2024-08-15,2024-08-15,Business insurance premium,REF11691821,259.44,0.0,329423.74
2018-08-22,2018-08-22,Subcontractors expense,REF91957666,1488.12,0.0,4369.58
2018-08-27,2018-08-27,Safety Equipment expense,REF79381007,94.57,0.0,4275.01
2018-08-30,2018-08-30,"Invoice payment - Taylor, Owens and Dickson",REF45909645,0.0,1703.67,5978.68
2018-08-30,2018-08-30,Invoice payment - Schwartz-King,REF97529424,0.0,1420.56,7399.24
2018-08-30,2018-08-30,Service payment - Hernandez Inc,REF61703852,0.0,742.45,8141.69
2018-08-30,2018-08-30,"Project payment - Morris, Huynh and Moody",REF50804997,0.0,1322.87,9464.56
2018-08-31,2018-08-31,Safety Equipment expense,REF17021146,77.86,0.0,9386.7
2018-09-02,2018-09-02,Vehicle Maintenance expense,REF56862194,153.74,0.0,9232.96
2018-09-04,2018-09-04,Fuel purchase,REF11652591,222.58,0.0,9010.38
2018-09-04,2018-09-04,Permits Licenses expense,REF62582355,114.06,0.0,8896.32
2018-09-06,2018-09-06,Vehicle Maintenance expense,REF42425149,133.81,0.0,8762.51
2018-09-11,2018-09-11,Fuel purchase,REF64545286,305.7,0.0,8456.81
2018-09-12,2018-09-12,Subcontractors expense,REF50880890,1015.36,0.0,7441.45
2018-09-15,2018-09-15,Invoice payment - Schwartz-King,REF76672304,0.0,1251.15,8692.6
2018-09-15,2018-09-15,Payment from Hernandez Inc,REF64851240,0.0,848.32,9540.92
2018-09-15,2018-09-15,"Invoice payment - Taylor, Owens and Dickson",REF46216460,0.0,994.49,10535.41
2018-09-15,2018-09-15,Business insurance premium,REF94200482,218.35,0.0,10317.06
2018-09-15,2018-09-15,"Service payment - Morris, Huynh and Moody",REF49208941,0.0,962.23,11279.29
2018-09-20,2018-09-20,Equipment Rental expense,REF18862469,327.29,0.0,10952.0
2018-09-22,2018-09-22,Equipment Rental expense,REF16123041,456.15,0.0,10495.85
2018-09-26,2018-09-26,Subcontractors expense,REF78528837,882.15,0.0,9613.7
2018-09-30,2018-09-30,"Payment from Gardner, Erickson and King",REF38398284,0.0,912.46,10526.16
2018-09-30,2018-09-30,Invoice payment - Hernandez Inc,REF18827392,0.0,749.79,11275.95
2018-09-30,2018-09-30,"Project payment - Morris, Huynh and Moody",REF46021149,0.0,1450.41,12726.36
2018-09-30,2018-09-30,Service payment - Schwartz-King,REF64812834,0.0,1766.33,14492.69
2018-09-30,2018-09-30,"Invoice payment - Taylor, Owens and Dickson",REF60903093,0.0,1281.73,15774.42
2018-10-01,2018-10-01,Vehicle Maintenance expense,REF23284804,30.83,0.0,15743.59
2018-10-03,2018-10-03,Safety Equipment expense,REF70358949,59.14,0.0,15684.45
2018-10-06,2018-10-06,Equipment Rental expense,REF77421664,412.89,0.0,15271.56
2018-10-06,2018-10-06,Fuel purchase,REF16283848,257.94,0.0,15013.62
2018-10-07,2018-10-07,Safety Equipment expense,REF18028829,79.65,0.0,14933.97
2018-10-14,2018-10-14,Fuel purchase,REF72817341,274.56,0.0,14659.41
2018-10-15,2018-10-15,Fuel purchase,REF35410625,253.64,0.0,14405.77
2018-10-15,2018-10-15,Invoice payment - Hernandez Inc,REF12053123,0.0,807.63,15213.4
2018-10-15,2018-10-15,Payment from Schwartz-King,REF10534466,0.0,1417.9,16631.3
2018-10-15,2018-10-15,Business insurance premium,REF85501484,201.9,0.0,16429.4
2018-10-15,2018-10-15,"Invoice payment - Gardner, Erickson and King",REF78114585,0.0,668.02,17097.42
2018-10-15,2018-10-15,"Service payment - Morris, Huynh and Moody",REF67294082,0.0,1086.49,18183.91
2018-10-15,2018-10-15,"Payment from Taylor, Owens and Dickson",REF98240134,0.0,986.2,19170.11
2018-10-16,2018-10-16,Permits Licenses expense,REF26269022,33.5,0.0,19136.61
2018-10-17,2018-10-17,Equipment Rental expense,REF69778238,417.46,0.0,18719.15
2018-10-18,2018-10-18,Fuel purchase,REF95530459,392.93,0.0,18326.22
2018-10-23,2018-10-23,Fuel purchase,REF81355628,225.37,0.0,18100.85
2018-10-25,2018-10-25,Tools expense,REF22550697,54.66,0.0,18046.19
2018-10-29,2018-10-29,Business materials,REF17009017,838.25,0.0,17207.94
2018-10-30,2018-10-30,"Project payment - Taylor, Owens and Dickson",REF23591925,0.0,1291.84,18499.78
2018-10-30,2018-10-30,"Invoice payment - Morris, Huynh and Moody",REF15672152,0.0,1034.01,19533.79
2018-10-30,2018-10-30,Project payment - Hernandez Inc,REF39555605,0.0,1025.27,20559.06
2018-10-31,2018-10-31,Equipment Rental expense,REF43289442,358.84,0.0,20200.22
2018-11-06,2018-11-06,Business materials,REF18097584,674.09,0.0,19526.13
2018-11-08,2018-11-08,Subcontractors expense,REF85729036,861.29,0.0,18664.84
2018-11-09,2018-11-09,Vehicle Maintenance expense,REF67106497,100.6,0.0,18564.24
2018-11-10,2018-11-10,Vehicle Maintenance expense,REF35468499,152.76,0.0,18411.48
2018-11-15,2018-11-15,Business insurance premium,REF51459590,170.59,0.0,18240.89
2018-11-15,2018-11-15,Project payment - Schwartz-King,REF72522009,0.0,1276.13,19517.02
2018-11-15,2018-11-15,"Project payment - Morris, Huynh and Moody",REF10501972,0.0,882.32,20399.34
2018-11-15,2018-11-15,"Service payment - Gardner, Erickson and King",REF97010939,0.0,598.17,20997.51
2018-11-15,2018-11-15,Payment from Hernandez Inc,REF30359337,0.0,822.0,21819.51
2018-11-19,2018-11-19,Safety Equipment expense,REF86602639,25.41,0.0,21794.1
2018-11-20,2018-11-20,Subcontractors expense,REF60476260,1179.86,0.0,20614.24
2018-11-21,2018-11-21,Business materials,REF85015950,480.95,0.0,20133.29
2018-11-29,2018-11-29,Permits Licenses expense,REF96150480,57.03,0.0,20076.26
2018-11-30,2018-11-30,Tools expense,REF54144430,59.57,0.0,20016.69
2018-11-30,2018-11-30,"Service payment - Gardner, Erickson and King",REF38684662,0.0,760.26,20776.95
2018-11-30,2018-11-30,Safety Equipment expense,REF70288814,44.41,0.0,20732.54
2018-11-30,2018-11-30,"Payment from Morris, Huynh and Moody",REF43359359,0.0,1162.73,21895.27
2018-11-30,2018-11-30,Business materials,REF51613407,282.49,0.0,21612.78
2018-11-30,2018-11-30,Payment from Schwartz-King,REF10113388,0.0,936.31,22549.09
2018-11-30,2018-11-30,Project payment - Hernandez Inc,REF10137970,0.0,464.66,23013.75
2018-12-03,2018-12-03,Vehicle Maintenance expense,REF56092813,132.79,0.0,22880.96
2018-12-07,2018-12-07,Fuel purchase,REF98770489,153.45,0.0,22727.51
2018-12-12,2018-12-12,Fuel purchase,REF22345008,197.13,0.0,22530.38
2018-12-15,2018-12-15,Project payment - Schwartz-King,REF99337244,0.0,788.21,23318.59
2018-12-15,2018-12-15,Business insurance premium,REF44873600,113.99,0.0,23204.6
2018-12-15,2018-12-15,"Service payment - Gardner, Erickson and King",REF26763127,0.0,508.0,23712.6
2018-12-15,2018-12-15,"Service payment - Taylor, Owens and Dickson",REF30614584,0.0,731.62,24444.22
2018-12-15,2018-12-15,"Invoice payment - Morris, Huynh and Moody",REF29032139,0.0,592.98,25037.2
2018-12-15,2018-12-15,Payment from Hernandez Inc,REF93491243,0.0,420.89,25458.09
2018-12-17,2018-12-17,Safety Equipment expense,REF11156036,46.69,0.0,25411.4
2018-12-20,2018-12-20,Tools expense,REF70512459,59.28,0.0,25352.12
2018-12-22,2018-12-22,Fuel purchase,REF98258229,301.25,0.0,25050.87
2018-12-24,2018-12-24,Vehicle Maintenance expense,REF88434211,123.81,0.0,24927.06
2018-12-30,2018-12-30,Invoice payment - Schwartz-King,REF22566162,0.0,609.27,25536.33
2018-12-30,2018-12-30,Service payment - Hernandez Inc,REF62241861,0.0,626.25,26162.58
2018-12-30,2018-12-30,"Service payment - Gardner, Erickson and King",REF81489457,0.0,451.33,26613.91
2018-12-30,2018-12-30,"Invoice payment - Morris, Huynh and Moody",REF67628140,0.0,788.05,27401.96
2018-12-30,2018-12-30,"Invoice payment - Taylor, Owens and Dickson",REF55751158,0.0,741.43,28143.39
2018-12-31,2018-12-31,Fuel purchase,REF60961702,301.61,0.0,27841.78
2019-01-01,2019-01-01,Permits Licenses expense,REF56840631,92.73,0.0,27749.05
2019-01-03,2019-01-03,Fuel purchase,REF99068600,255.82,0.0,27493.23
2019-01-06,2019-01-06,Permits Licenses expense,REF22268229,39.74,0.0,27453.49
2019-01-12,2019-01-12,Fuel purchase,REF65180757,199.05,0.0,27254.44
2019-01-15,2019-01-15,Business insurance premium,REF45977936,154.94,0.0,27099.5
2019-01-15,2019-01-15,"Service payment - Gardner, Erickson and King",REF33495894,0.0,494.64,27594.14
2019-01-15,2019-01-15,"Project payment - Morris, Huynh and Moody",REF71773425,0.0,826.3,28420.44
2019-01-15,2019-01-15,Payment from Hernandez Inc,REF38932524,0.0,620.84,29041.28
2019-01-15,2019-01-15,"Project payment - Taylor, Owens and Dickson",REF81436153,0.0,817.79,29859.07
2019-01-15,2019-01-15,Service payment - Schwartz-King,REF16155404,0.0,962.06,30821.13
2019-01-16,2019-01-16,Business materials,REF45511501,683.22,0.0,30137.91
2019-01-18,2019-01-18,Business materials,REF13309299,832.11,0.0,29305.8
2019-01-19,2019-01-19,Equipment Rental expense,REF26989216,351.02,0.0,28954.78
2019-01-22,2019-01-22,Fuel purchase,REF36986311,232.19,0.0,28722.59
2019-01-30,2019-01-30,Project payment - Hernandez Inc,REF92575135,0.0,612.78,29335.37
2019-01-30,2019-01-30,"Service payment - Taylor, Owens and Dickson",REF89358490,0.0,928.31,30263.68
2019-01-30,2019-01-30,"Invoice payment - Gardner, Erickson and King",REF68834170,0.0,493.17,30756.85
2019-01-30,2019-01-30,"Project payment - Morris, Huynh and Moody",REF83389342,0.0,876.02,31632.87
2019-02-03,2019-02-03,Business materials,REF18332141,722.27,0.0,30910.6
2019-02-04,2019-02-04,Tools expense,REF92447050,135.84,0.0,30774.76
2019-02-04,2019-02-04,Vehicle Maintenance expense,REF78992998,119.65,0.0,30655.11
2019-02-07,2019-02-07,Business materials,REF75912816,765.41,0.0,29889.7
2019-02-08,2019-02-08,Subcontractors expense,REF89250027,1220.81,0.0,28668.89
2019-02-11,2019-02-11,Tools expense,REF22465339,90.8,0.0,28578.09
2019-02-11,2019-02-11,Fuel purchase,REF26916560,245.73,0.0,28332.36
2019-02-11,2019-02-11,Subcontractors expense,REF74352167,625.43,0.0,27706.93
2019-02-15,2019-02-15,Business insurance premium,REF86383952,157.46,0.0,27549.47
2019-02-15,2019-02-15,Invoice payment - Hernandez Inc,REF16361998,0.0,602.03,28151.5
2019-02-15,2019-02-15,"Project payment - Taylor, Owens and Dickson",REF76619369,0.0,1087.97,29239.47
2019-02-15,2019-02-15,Project payment - Schwartz-King,REF55002973,0.0,1202.78,30442.25
2019-02-15,2019-02-15,"Service payment - Gardner, Erickson and King",REF78474805,0.0,631.72,31073.97
2019-02-16,2019-02-16,Business materials,REF80666706,533.04,0.0,30540.93
2019-02-17,2019-02-17,Permits Licenses expense,REF59226300,89.74,0.0,30451.19
2019-02-18,2019-02-18,Vehicle Maintenance expense,REF81854106,81.49,0.0,30369.7
2019-02-18,2019-02-18,Fuel purchase,REF61147328,141.18,0.0,30228.52
2019-02-18,2019-02-18,Business materials,REF20741402,308.6,0.0,29919.92
2019-02-20,2019-02-20,Permits Licenses expense,REF83025265,81.34,0.0,29838.58
2019-02-21,2019-02-21,Tools expense,REF76576649,83.78,0.0,29754.8
2019-02-22,2019-02-22,Fuel purchase,REF83855788,351.57,0.0,29403.23
2019-02-23,2019-02-23,Vehicle Maintenance expense,REF29940818,125.37,0.0,29277.86
2019-02-26,2019-02-26,Fuel purchase,REF69051572,316.5,0.0,28961.36
2019-02-28,2019-02-28,Service payment - Hernandez Inc,REF57110135,0.0,516.49,29477.85
2019-02-28,2019-02-28,"Invoice payment - Gardner, Erickson and King",REF52257674,0.0,520.04,29997.89
2019-02-28,2019-02-28,"Payment from Morris, Huynh and Moody",REF71216095,0.0,943.56,30941.45
2019-02-28,2019-02-28,Service payment - Schwartz-King,REF93833963,0.0,1271.68,32213.13
2019-02-28,2019-02-28,"Payment from Taylor, Owens and Dickson",REF63537926,0.0,1043.82,33256.95
2019-03-04,2019-03-04,Fuel purchase,REF96077278,218.12,0.0,33038.83
2019-03-05,2019-03-05,Business materials,REF28925742,690.77,0.0,32348.06
2019-03-10,2019-03-10,Safety Equipment expense,REF13124900,52.17,0.0,32295.89
2019-03-13,2019-03-13,Tools expense,REF47714854,79.18,0.0,32216.71
2019-03-15,2019-03-15,Business insurance premium,REF56035848,197.72,0.0,32018.99
2019-03-15,2019-03-15,"Project payment - Gardner, Erickson and King",REF97971931,0.0,909.62,32928.61
2019-03-15,2019-03-15,"Invoice payment - Morris, Huynh and Moody",REF75182814,0.0,974.72,33903.33
2019-03-15,2019-03-15,Payment from Hernandez Inc,REF17278841,0.0,919.68,34823.01
2019-03-15,2019-03-15,Service payment - Schwartz-King,REF26910494,0.0,1624.95,36447.96
2019-03-15,2019-03-15,"Service payment - Taylor, Owens and Dickson",REF21150798,0.0,1553.57,38001.53
2019-03-17,2019-03-17,Business materials,REF23917348,1510.32,0.0,36491.21
2019-03-26,2019-03-26,Equipment Rental expense,REF16354658,546.33,0.0,35944.88
2019-03-30,2019-03-30,"Project payment - Gardner, Erickson and King",REF55827048,0.0,781.87,36726.75
2019-03-30,2019-03-30,Invoice payment - Hernandez Inc,REF94502492,0.0,619.37,37346.12
2019-03-30,2019-03-30,Invoice payment - Schwartz-King,REF22450767,0.0,1551.28,38897.4
2019-03-30,2019-03-30,"Invoice payment - Morris, Huynh and Moody",REF44124677,0.0,1031.3,39928.7
2019-03-30,2019-03-30,"Project payment - Taylor, Owens and Dickson",REF83101632,0.0,1242.96,41171.66
2019-04-03,2019-04-03,Subcontractors expense,REF23049645,1324.31,0.0,39847.35
2019-04-07,2019-04-07,Subcontractors expense,REF41948169,1516.82,0.0,38330.53
2019-04-08,2019-04-08,Business materials,REF78097240,1243.33,0.0,37087.2
2019-04-12,2019-04-12,Business materials,REF15234909,1136.32,0.0,35950.88
2019-04-15,2019-04-15,Business insurance premium,REF92692489,233.32,0.0,35717.56
2019-04-15,2019-04-15,Payment from Hernandez Inc,REF10415197,0.0,831.49,36549.05
2019-04-15,2019-04-15,Service payment - Schwartz-King,REF92316774,0.0,1085.78,37634.83
2019-04-15,2019-04-15,"Invoice payment - Morris, Huynh and Moody",REF84731834,0.0,1323.68,38958.51
2019-04-17,2019-04-17,Business materials,REF97572008,582.82,0.0,38375.69
2019-04-18,2019-04-18,Subcontractors expense,REF29757982,1213.3,0.0,37162.39
2019-04-20,2019-04-20,Fuel purchase,REF36893055,218.06,0.0,36944.33
2019-04-24,2019-04-24,Permits Licenses expense,REF11984167,144.89,0.0,36799.44
2019-04-26,2019-04-26,Equipment Rental expense,REF19208194,448.88,0.0,36350.56
2019-04-26,2019-04-26,Fuel purchase,REF10230846,215.21,0.0,36135.35
2019-04-30,2019-04-30,Service payment - Schwartz-King,REF60324258,0.0,1214.59,37349.94
2019-04-30,2019-04-30,"Invoice payment - Taylor, Owens and Dickson",REF70347628,0.0,1345.75,38695.69
2019-04-30,2019-04-30,"Payment from Gardner, Erickson and King",REF22417407,0.0,760.75,39456.44
2019-04-30,2019-04-30,Invoice payment - Hernandez Inc,REF49514699,0.0,1109.27,40565.71
2019-04-30,2019-04-30,"Payment from Morris, Huynh and Moody",REF20532279,0.0,1115.93,41681.64
2019-05-01,2019-05-01,Fuel purchase,REF65511504,516.55,0.0,41165.09
2019-05-06,2019-05-06,Fuel purchase,REF64133366,370.08,0.0,40795.01
2019-05-08,2019-05-08,Business materials,REF65057679,235.65,0.0,40559.36
2019-05-10,2019-05-10,Safety Equipment expense,REF61904050,100.71,0.0,40458.65
2019-05-11,2019-05-11,Business materials,REF46487409,1092.44,0.0,39366.21
2019-05-11,2019-05-11,Fuel purchase,REF43655819,5.0,0.0,39361.21
2019-05-14,2019-05-14,Fuel purchase,REF76022777,349.46,0.0,39011.75
2019-05-14,2019-05-14,Tools expense,REF81852147,170.46,0.0,38841.29
2019-05-15,2019-05-15,Business insurance premium,REF25106017,260.04,0.0,38581.25
2019-05-15,2019-05-15,"Invoice payment - Gardner, Erickson and King",REF35210677,0.0,1078.25,39659.5
2019-05-15,2019-05-15,Service payment - Schwartz-King,REF21978944,0.0,1891.48,41550.98
2019-05-15,2019-05-15,Project payment - Hernandez Inc,REF58777741,0.0,929.64,42480.62
2019-05-18,2019-05-18,Business materials,REF66132080,1543.23,0.0,40937.39
2019-05-19,2019-05-19,Business materials,REF55037175,1153.37,0.0,39784.02
2019-05-20,2019-05-20,Permits Licenses expense,REF36207934,63.39,0.0,39720.63
2019-05-20,2019-05-20,Equipment Rental expense,REF37255583,389.87,0.0,39330.76
2019-05-21,2019-05-21,Business materials,REF78993384,974.81,0.0,38355.95
2019-05-24,2019-05-24,Fuel purchase,REF63709132,558.05,0.0,37797.9
2019-05-25,2019-05-25,Business materials,REF64586362,847.37,0.0,36950.53
2019-05-30,2019-05-30,"Service payment - Morris, Huynh and Moody",REF59259999,0.0,1625.03,38575.56
2019-05-30,2019-05-30,Invoice payment - Hernandez Inc,REF18912421,0.0,1251.39,39826.95
2019-05-30,2019-05-30,"Service payment - Gardner, Erickson and King",REF65765714,0.0,852.32,40679.27
2019-05-30,2019-05-30,"Invoice payment - Taylor, Owens and Dickson",REF39188069,0.0,1554.05,42233.32
2019-05-30,2019-05-30,Project payment - Schwartz-King,REF39527056,0.0,1364.28,43597.6
2019-06-03,2019-06-03,Business materials,REF71367738,1309.62,0.0,42287.98
2019-06-03,2019-06-03,Equipment Rental expense,REF92331948,320.25,0.0,41967.73
2019-06-06,2019-06-06,Subcontractors expense,REF23507783,604.85,0.0,41362.88
2019-06-06,2019-06-06,Tools expense,REF52179045,122.31,0.0,41240.57
2019-06-08,2019-06-08,Fuel purchase,REF47658713,409.94,0.0,40830.63
2019-06-15,2019-06-15,Project payment - Hernandez Inc,REF43066251,0.0,712.12,41542.75
2019-06-15,2019-06-15,"Project payment - Taylor, Owens and Dickson",REF70096205,0.0,1971.28,43514.03
2019-06-15,2019-06-15,Service payment - Schwartz-King,REF59354528,0.0,1525.19,45039.22
2019-06-15,2019-06-15,Business insurance premium,REF75417462,240.5,0.0,44798.72
2019-06-15,2019-06-15,"Payment from Morris, Huynh and Moody",REF68688197,0.0,1864.14,46662.86
2019-06-15,2019-06-15,"Payment from Gardner, Erickson and King",REF50665730,0.0,908.13,47570.99
2019-06-15,2019-06-15,Fuel purchase,REF21627608,513.13,0.0,47057.86
2019-06-17,2019-06-17,Permits Licenses expense,REF73169417,118.17,0.0,46939.69
2019-06-18,2019-06-18,Vehicle Maintenance expense,REF23255589,137.6,0.0,46802.09
2019-06-18,2019-06-18,Fuel purchase,REF48287233,641.17,0.0,46160.92
2019-06-20,2019-06-20,Business materials,REF57176797,1020.35,0.0,45140.57
2019-06-25,2019-06-25,Business materials,REF94937578,634.61,0.0,44505.96
2019-06-27,2019-06-27,Business materials,REF66301192,1151.09,0.0,43354.87
2019-06-29,2019-06-29,Permits Licenses expense,REF53246184,142.36,0.0,43212.51
2019-06-30,2019-06-30,"Project payment - Gardner, Erickson and King",REF75984524,0.0,922.99,44135.5
2019-06-30,2019-06-30,Project payment - Schwartz-King,REF44814188,0.0,1885.13,46020.63
2019-06-30,2019-06-30,"Project payment - Taylor, Owens and Dickson",REF32256063,0.0,1580.41,47601.04
2019-06-30,2019-06-30,Service payment - Hernandez Inc,REF78018892,0.0,809.46,48410.5
2019-06-30,2019-06-30,"Project payment - Morris, Huynh and Moody",REF56834859,0.0,1141.01,49551.51
2019-07-05,2019-07-05,Subcontractors expense,REF44242116,1427.77,0.0,48123.74
2019-07-05,2019-07-05,Business materials,REF40353948,31.89,0.0,48091.85
2019-07-15,2019-07-15,"Invoice payment - Gardner, Erickson and King",REF40265382,0.0,727.47,48819.32
2019-07-15,2019-07-15,"Service payment - Morris, Huynh and Moody",REF33485066,0.0,1699.12,50518.44
2019-07-15,2019-07-15,Business insurance premium,REF17599627,258.51,0.0,50259.93
2019-07-15,2019-07-15,Service payment - Hernandez Inc,REF25812814,0.0,921.67,51181.6
2019-07-15,2019-07-15,"Invoice payment - Taylor, Owens and Dickson",REF23840705,0.0,1571.98,52753.58
2019-07-15,2019-07-15,Project payment - Schwartz-King,REF55382591,0.0,1613.28,54366.86
2019-07-20,2019-07-20,Permits Licenses expense,REF63621898,111.11,0.0,54255.75
2019-07-25,2019-07-25,Fuel purchase,REF31392718,420.1,0.0,53835.65
2019-07-25,2019-07-25,Subcontractors expense,REF70780728,1257.07,0.0,52578.58
2019-07-30,2019-07-30,"Project payment - Gardner, Erickson and King",REF66184071,0.0,987.19,53565.77
2019-07-30,2019-07-30,Vehicle Maintenance expense,REF99369707,224.88,0.0,53340.89
2019-07-30,2019-07-30,"Invoice payment - Morris, Huynh and Moody",REF86220268,0.0,1133.5,54474.39
2019-07-30,2019-07-30,Service payment - Schwartz-King,REF82451998,0.0,1839.24,56313.63
2019-07-30,2019-07-30,Payment from Hernandez Inc,REF89099683,0.0,835.77,57149.4
2019-07-30,2019-07-30,"Invoice payment - Taylor, Owens and Dickson",REF38628683,0.0,1826.45,58975.85
2019-08-08,2019-08-08,Equipment Rental expense,REF88782899,669.34,0.0,58306.51
2019-08-11,2019-08-11,Fuel purchase,REF10680585,286.9,0.0,58019.61
2019-08-12,2019-08-12,Vehicle Maintenance expense,REF69875684,231.15,0.0,57788.46
2019-08-15,2019-08-15,Business insurance premium,REF25517023,230.59,0.0,57557.87
2019-08-15,2019-08-15,Payment from Schwartz-King,REF20343242,0.0,1637.32,59195.19
2019-08-15,2019-08-15,"Service payment - Morris, Huynh and Moody",REF77195548,0.0,1493.87,60689.06
2019-08-15,2019-08-15,Service payment - Hernandez Inc,REF89296399,0.0,1193.08,61882.14
2019-08-15,2019-08-15,"Payment from Gardner, Erickson and King",REF77666257,0.0,591.15,62473.29
2019-08-15,2019-08-15,"Service payment - Taylor, Owens and Dickson",REF17720705,0.0,1403.69,63876.98
2019-08-22,2019-08-22,Tools expense,REF93999933,170.62,0.0,63706.36
2019-08-27,2019-08-27,Business materials,REF72317269,1092.55,0.0,62613.81
2019-08-29,2019-08-29,Subcontractors expense,REF34536535,981.48,0.0,61632.33
2019-08-30,2019-08-30,"Payment from Taylor, Owens and Dickson",REF21991031,0.0,1549.19,63181.52
2019-08-30,2019-08-30,Service payment - Schwartz-King,REF78211186,0.0,1682.23,64863.75
2019-08-30,2019-08-30,Payment from Hernandez Inc,REF43460335,0.0,891.89,65755.64
2019-08-30,2019-08-30,"Project payment - Gardner, Erickson and King",REF48857119,0.0,920.98,66676.62
2019-08-30,2019-08-30,"Project payment - Morris, Huynh and Moody",REF14098437,0.0,1592.24,68268.86
2019-09-04,2019-09-04,Permits Licenses expense,REF17071491,104.8,0.0,68164.06
2019-09-04,2019-09-04,Business materials,REF54075948,874.35,0.0,67289.71
2019-09-04,2019-09-04,Equipment Rental expense,REF95025970,243.87,0.0,67045.84
2019-09-08,2019-09-08,Safety Equipment expense,REF46601723,78.81,0.0,66967.03
2019-09-08,2019-09-08,Fuel purchase,REF76097912,369.43,0.0,66597.6
2019-09-09,2019-09-09,Equipment Rental expense,REF73597214,338.07,0.0,66259.53
2019-09-10,2019-09-10,Permits Licenses expense,REF63781656,91.7,0.0,66167.83
2019-09-13,2019-09-13,Safety Equipment expense,REF26314694,92.16,0.0,66075.67
2019-09-15,2019-09-15,Vehicle Maintenance expense,REF64167440,168.27,0.0,65907.4
2019-09-15,2019-09-15,Business insurance premium,REF43709821,235.36,0.0,65672.04
2019-09-15,2019-09-15,"Service payment - Taylor, Owens and Dickson",REF11178390,0.0,1331.15,67003.19
2019-09-15,2019-09-15,"Service payment - Morris, Huynh and Moody",REF34819448,0.0,1543.55,68546.74
2019-09-15,2019-09-15,Equipment Rental expense,REF61289977,391.5,0.0,68155.24
2019-09-15,2019-09-15,Service payment - Hernandez Inc,REF75219168,0.0,979.52,69134.76
2019-09-15,2019-09-15,Invoice payment - Schwartz-King,REF87872311,0.0,1489.51,70624.27
2019-09-21,2019-09-21,Permits Licenses expense,REF39100848,118.03,0.0,70506.24
2019-09-22,2019-09-22,Fuel purchase,REF35679193,418.26,0.0,70087.98
2019-09-22,2019-09-22,Business materials,REF56241168,778.04,0.0,69309.94
2019-09-27,2019-09-27,Business materials,REF76821147,1261.67,0.0,68048.27
2019-09-29,2019-09-29,Vehicle Maintenance expense,REF19316744,145.47,0.0,67902.8
2019-09-30,2019-09-30,Payment from Schwartz-King,REF58605817,0.0,1786.04,69688.84
2019-09-30,2019-09-30,"Project payment - Gardner, Erickson and King",REF90930737,0.0,996.33,70685.17
2019-09-30,2019-09-30,"Service payment - Taylor, Owens and Dickson",REF83303335,0.0,1140.71,71825.88
2019-09-30,2019-09-30,Service payment - Hernandez Inc,REF62382823,0.0,922.28,72748.16
2019-09-30,2019-09-30,"Project payment - Morris, Huynh and Moody",REF21656016,0.0,1400.25,74148.41
2019-10-02,2019-10-02,Tools expense,REF15231442,115.02,0.0,74033.39
2019-10-02,2019-10-02,Vehicle Maintenance expense,REF49308235,197.95,0.0,73835.44
2019-10-06,2019-10-06,Permits Licenses expense,REF98576986,122.02,0.0,73713.42
2019-10-10,2019-10-10,Fuel purchase,REF14955559,173.5,0.0,73539.92
2019-10-15,2019-10-15,"Invoice payment - Morris, Huynh and Moody",REF79733522,0.0,1105.9,74645.82
2019-10-15,2019-10-15,"Service payment - Gardner, Erickson and King",REF13023780,0.0,864.59,75510.41
2019-10-15,2019-10-15,Payment from Hernandez Inc,REF92821091,0.0,971.1,76481.51
2019-10-15,2019-10-15,Business insurance premium,REF27497663,207.27,0.0,76274.24
2019-10-15,2019-10-15,"Project payment - Taylor, Owens and Dickson",REF17501223,0.0,1082.63,77356.87
2019-10-15,2019-10-15,Invoice payment - Schwartz-King,REF83381177,0.0,1454.15,78811.02
2019-10-20,2019-10-20,Vehicle Maintenance expense,REF47317960,133.5,0.0,78677.52
2019-10-21,2019-10-21,Business materials,REF26727439,811.56,0.0,77865.96
2019-10-30,2019-10-30,"Invoice payment - Gardner, Erickson and King",REF49387828,0.0,659.09,78525.05
2019-10-30,2019-10-30,"Project payment - Morris, Huynh and Moody",REF28459652,0.0,1243.02,79768.07
2019-10-30,2019-10-30,Invoice payment - Schwartz-King,REF71319728,0.0,1291.78,81059.85
2019-10-30,2019-10-30,"Payment from Taylor, Owens and Dickson",REF63654374,0.0,812.81,81872.66
2019-10-30,2019-10-30,Payment from Hernandez Inc,REF92251443,0.0,868.64,82741.3
2019-10-31,2019-10-31,Vehicle Maintenance expense,REF34197278,94.03,0.0,82647.27
2019-11-01,2019-11-01,Equipment Rental expense,REF14016415,291.13,0.0,82356.14
2019-11-02,2019-11-02,Subcontractors expense,REF29770630,642.68,0.0,81713.46
2019-11-02,2019-11-02,Business materials,REF82401780,587.65,0.0,81125.81
2019-11-04,2019-11-04,Tools expense,REF32509075,101.2,0.0,81024.61
2019-11-06,2019-11-06,Fuel purchase,REF18578408,221.18,0.0,80803.43
2019-11-07,2019-11-07,Business materials,REF35178141,664.32,0.0,80139.11
2019-11-07,2019-11-07,Fuel purchase,REF66483405,352.32,0.0,79786.79
2019-11-10,2019-11-10,Business materials,REF44021152,745.85,0.0,79040.94
2019-11-12,2019-11-12,Fuel purchase,REF20138678,264.31,0.0,78776.63
2019-11-15,2019-11-15,"Payment from Gardner, Erickson and King",REF54046513,0.0,670.76,79447.39
2019-11-15,2019-11-15,Business insurance premium,REF37757702,150.73,0.0,79296.66
2019-11-15,2019-11-15,"Payment from Morris, Huynh and Moody",REF99695376,0.0,936.49,80233.15
2019-11-15,2019-11-15,Invoice payment - Schwartz-King,REF76048321,0.0,1000.63,81233.78
2019-11-15,2019-11-15,"Project payment - Taylor, Owens and Dickson",REF82455778,0.0,1150.11,82383.89
2019-11-15,2019-11-15,Invoice payment - Hernandez Inc,REF83894562,0.0,600.44,82984.33
2019-11-17,2019-11-17,Fuel purchase,REF41026092,214.08,0.0,82770.25
2019-11-19,2019-11-19,Tools expense,REF73154335,70.63,0.0,82699.62
2019-11-20,2019-11-20,Vehicle Maintenance expense,REF95323733,113.38,0.0,82586.24
2019-11-20,2019-11-20,Business materials,REF92005257,566.32,0.0,82019.92
2019-11-20,2019-11-20,Tools expense,REF80235636,47.24,0.0,81972.68
2019-11-20,2019-11-20,Permits Licenses expense,REF19423784,57.12,0.0,81915.56
2019-11-22,2019-11-22,Fuel purchase,REF33199783,266.77,0.0,81648.79
2019-11-24,2019-11-24,Subcontractors expense,REF41627059,629.27,0.0,81019.52
2019-11-26,2019-11-26,Business materials,REF51001807,389.62,0.0,80629.9
2019-11-26,2019-11-26,Fuel purchase,REF23600983,228.44,0.0,80401.46
2019-11-30,2019-11-30,"Invoice payment - Gardner, Erickson and King",REF19087620,0.0,636.71,81038.17
2019-11-30,2019-11-30,Invoice payment - Hernandez Inc,REF29299618,0.0,659.88,81698.05
2019-11-30,2019-11-30,Project payment - Schwartz-King,REF23334062,0.0,1559.77,83257.82
2019-11-30,2019-11-30,"Payment from Taylor, Owens and Dickson",REF10640201,0.0,1047.76,84305.58
2019-12-05,2019-12-05,Business materials,REF86090964,391.58,0.0,83914.0
2019-12-10,2019-12-10,Subcontractors expense,REF57542784,662.29,0.0,83251.71
2019-12-10,2019-12-10,Vehicle Maintenance expense,REF29361527,110.95,0.0,83140.76
2019-12-15,2019-12-15,Invoice payment - Hernandez Inc,REF12578285,0.0,618.62,83759.38
2019-12-15,2019-12-15,"Service payment - Gardner, Erickson and King",REF50338800,0.0,425.48,84184.86
2019-12-15,2019-12-15,"Service payment - Taylor, Owens and Dickson",REF48945222,0.0,930.06,85114.92
2019-12-15,2019-12-15,Business insurance premium,REF51617734,109.56,0.0,85005.36
2019-12-15,2019-12-15,Fuel purchase,REF87534555,160.94,0.0,84844.42
2019-12-15,2019-12-15,Payment from Schwartz-King,REF68750218,0.0,836.42,85680.84
2019-12-15,2019-12-15,"Payment from Morris, Huynh and Moody",REF98211327,0.0,615.87,86296.71
2019-12-16,2019-12-16,Business materials,REF86061502,534.13,0.0,85762.58
2019-12-26,2019-12-26,Fuel purchase,REF11209259,265.69,0.0,85496.89
2019-12-30,2019-12-30,"Project payment - Morris, Huynh and Moody",REF78541555,0.0,728.26,86225.15
2019-12-30,2019-12-30,"Project payment - Taylor, Owens and Dickson",REF39683736,0.0,621.12,86846.27
2019-12-30,2019-12-30,"Payment from Gardner, Erickson and King",REF41946486,0.0,489.66,87335.93
2019-12-30,2019-12-30,Invoice payment - Hernandez Inc,REF20180497,0.0,529.71,87865.64
2019-12-30,2019-12-30,Project payment - Schwartz-King,REF34759608,0.0,1112.14,88977.78
2019-12-31,2019-12-31,Business materials,REF67202990,554.99,0.0,88422.79
2020-01-03,2020-01-03,Vehicle Maintenance expense,REF70306034,106.35,0.0,88316.44
2020-01-03,2020-01-03,Fuel purchase,REF25002668,233.45,0.0,88082.99
2020-01-07,2020-01-07,Business materials,REF80029278,328.31,0.0,87754.68
2020-01-13,2020-01-13,Vehicle Maintenance expense,REF96185679,126.94,0.0,87627.74
2020-01-15,2020-01-15,Payment from Schwartz-King,REF29783461,0.0,918.43,88546.17
2020-01-15,2020-01-15,"Invoice payment - Taylor, Owens and Dickson",REF94242989,0.0,638.43,89184.6
2020-01-15,2020-01-15,Fuel purchase,REF17728869,239.07,0.0,88945.53
2020-01-15,2020-01-15,Business insurance premium,REF47010164,137.3,0.0,88808.23
2020-01-15,2020-01-15,Business materials,REF96327147,547.82,0.0,88260.41
2020-01-15,2020-01-15,Service payment - Hernandez Inc,REF23692094,0.0,495.86,88756.27
2020-01-15,2020-01-15,"Project payment - Morris, Huynh and Moody",REF65941014,0.0,737.63,89493.9
2020-01-19,2020-01-19,Equipment Rental expense,REF32512968,190.12,0.0,89303.78
2020-01-25,2020-01-25,Business materials,REF90512788,648.83,0.0,88654.95
2020-01-29,2020-01-29,Business materials,REF69080619,379.31,0.0,88275.64
2020-01-30,2020-01-30,Service payment - Hernandez Inc,REF15121457,0.0,486.06,88761.7
2020-01-30,2020-01-30,"Payment from Taylor, Owens and Dickson",REF77926639,0.0,693.65,89455.35
2020-01-30,2020-01-30,Payment from Schwartz-King,REF10818388,0.0,1230.42,90685.77
2020-01-30,2020-01-30,"Project payment - Morris, Huynh and Moody",REF30253177,0.0,1049.13,91734.9
2020-01-30,2020-01-30,"Project payment - Gardner, Erickson and King",REF44800233,0.0,465.8,92200.7
2020-02-05,2020-02-05,Fuel purchase,REF50377744,295.58,0.0,91905.12
2020-02-06,2020-02-06,Fuel purchase,REF16925653,257.74,0.0,91647.38
2020-02-07,2020-02-07,Tools expense,REF63142360,98.13,0.0,91549.25
2020-02-08,2020-02-08,Tools expense,REF36437145,92.37,0.0,91456.88
2020-02-09,2020-02-09,Fuel purchase,REF62537741,380.49,0.0,91076.39
2020-02-10,2020-02-10,Business materials,REF86042838,838.26,0.0,90238.13
2020-02-11,2020-02-11,Business materials,REF88507288,519.01,0.0,89719.12
2020-02-12,2020-02-12,Fuel purchase,REF81515910,248.29,0.0,89470.83
2020-02-13,2020-02-13,Business materials,REF74823937,588.56,0.0,88882.27
2020-02-14,2020-02-14,Vehicle Maintenance expense,REF62772204,156.26,0.0,88726.01
2020-02-15,2020-02-15,Business materials,REF36748692,604.72,0.0,88121.29
2020-02-15,2020-02-15,"Payment from Gardner, Erickson and King",REF10132660,0.0,421.17,88542.46
2020-02-15,2020-02-15,Payment from Hernandez Inc,REF48460407,0.0,645.43,89187.89
2020-02-15,2020-02-15,"Payment from Morris, Huynh and Moody",REF37416199,0.0,978.34,90166.23
2020-02-15,2020-02-15,"Payment from Taylor, Owens and Dickson",REF88560480,0.0,801.91,90968.14
2020-02-15,2020-02-15,Service payment - Schwartz-King,REF78879400,0.0,1033.79,92001.93
2020-02-15,2020-02-15,Business insurance premium,REF94892995,156.12,0.0,91845.81
2020-02-17,2020-02-17,Fuel purchase,REF15056296,331.52,0.0,91514.29
2020-02-18,2020-02-18,Subcontractors expense,REF49747150,763.45,0.0,90750.84
2020-02-19,2020-02-19,Fuel purchase,REF75128814,341.99,0.0,90408.85
2020-02-21,2020-02-21,Business materials,REF55282874,457.09,0.0,89951.76
2020-02-22,2020-02-22,Business materials,REF74926523,834.94,0.0,89116.82
2020-02-28,2020-02-28,Service payment - Schwartz-King,REF33789893,0.0,924.85,90041.67
2020-02-28,2020-02-28,"Project payment - Morris, Huynh and Moody",REF43044845,0.0,902.29,90943.96
2020-02-28,2020-02-28,Project payment - Hernandez Inc,REF18618320,0.0,665.67,91609.63
2020-02-28,2020-02-28,"Service payment - Gardner, Erickson and King",REF75605734,0.0,642.51,92252.14
2020-02-28,2020-02-28,"Project payment - Taylor, Owens and Dickson",REF21720486,0.0,998.78,93250.92
2020-02-28,2020-02-28,Business materials,REF35040933,644.19,0.0,92606.73
2020-03-02,2020-03-02,Business materials,REF18420676,613.04,0.0,91993.69
2020-03-03,2020-03-03,Vehicle Maintenance expense,REF58635183,165.6,0.0,91828.09
2020-03-05,2020-03-05,Subcontractors expense,REF16602133,1284.17,0.0,90543.92
2020-03-05,2020-03-05,Tools expense,REF37275734,90.08,0.0,90453.84
2020-03-05,2020-03-05,Vehicle Maintenance expense,REF25241760,98.97,0.0,90354.87
2020-03-06,2020-03-06,Business materials,REF70808187,799.63,0.0,89555.24
2020-03-15,2020-03-15,Business insurance premium,REF39636781,196.86,0.0,89358.38
2020-03-15,2020-03-15,"Invoice payment - Taylor, Owens and Dickson",REF67821273,0.0,1244.88,90603.26
2020-03-15,2020-03-15,"Payment from Morris, Huynh and Moody",REF74561457,0.0,1116.68,91719.94
2020-03-15,2020-03-15,Project payment - Schwartz-King,REF17454125,0.0,1225.72,92945.66
2020-03-15,2020-03-15,"Project payment - Gardner, Erickson and King",REF14437998,0.0,938.34,93884.0
2020-03-15,2020-03-15,Payment from Hernandez Inc,REF84535952,0.0,564.25,94448.25
2020-03-23,2020-03-23,Fuel purchase,REF63079997,351.78,0.0,94096.47
2020-03-30,2020-03-30,Fuel purchase,REF70278914,315.22,0.0,93781.25
2020-03-30,2020-03-30,"Project payment - Morris, Huynh and Moody",REF33249117,0.0,1069.25,94850.5
2020-03-30,2020-03-30,"Service payment - Gardner, Erickson and King",REF77398942,0.0,901.87,95752.37
2020-03-30,2020-03-30,"Service payment - Taylor, Owens and Dickson",REF24399841,0.0,1295.65,97048.02
2020-03-30,2020-03-30,Payment from Hernandez Inc,REF39407256,0.0,837.75,97885.77
2020-04-02,2020-04-02,Permits Licenses expense,REF56243500,97.87,0.0,97787.9
2020-04-03,2020-04-03,Safety Equipment expense,REF68697282,107.8,0.0,97680.1
2020-04-05,2020-04-05,Business materials,REF95700244,1244.24,0.0,96435.86
2020-04-05,2020-04-05,Vehicle Maintenance expense,REF75419185,150.31,0.0,96285.55
2020-04-07,2020-04-07,Equipment Rental expense,REF33080075,586.47,0.0,95699.08
2020-04-07,2020-04-07,Tools expense,REF10975898,116.75,0.0,95582.33
2020-04-09,2020-04-09,Business materials,REF88608387,1265.19,0.0,94317.14
2020-04-14,2020-04-14,Permits Licenses expense,REF21975264,119.74,0.0,94197.4
2020-04-15,2020-04-15,Service payment - Hernandez Inc,REF50303398,0.0,767.02,94964.42
2020-04-15,2020-04-15,Business insurance premium,REF54664360,245.94,0.0,94718.48
2020-04-15,2020-04-15,"Project payment - Taylor, Owens and Dickson",REF53758329,0.0,1211.15,95929.63
2020-04-15,2020-04-15,Invoice payment - Schwartz-King,REF36612120,0.0,1757.15,97686.78
2020-04-15,2020-04-15,Permits Licenses expense,REF60270967,90.29,0.0,97596.49
2020-04-15,2020-04-15,"Payment from Gardner, Erickson and King",REF31233313,0.0,825.99,98422.48
2020-04-15,2020-04-15,"Payment from Morris, Huynh and Moody",REF39185139,0.0,1424.6,99847.08
2020-04-20,2020-04-20,Vehicle Maintenance expense,REF31982822,163.77,0.0,99683.31
2020-04-21,2020-04-21,Tools expense,REF32454229,117.56,0.0,99565.75
2020-04-23,2020-04-23,Vehicle Maintenance expense,REF67164474,243.62,0.0,99322.13
2020-04-25,2020-04-25,Equipment Rental expense,REF11217962,430.88,0.0,98891.25
2020-04-26,2020-04-26,Vehicle Maintenance expense,REF98968295,148.81,0.0,98742.44
2020-04-28,2020-04-28,Business materials,REF82081228,1091.25,0.0,97651.19
2020-04-29,2020-04-29,Fuel purchase,REF22006965,297.87,0.0,97353.32
2020-04-30,2020-04-30,"Project payment - Gardner, Erickson and King",REF32254651,0.0,995.18,98348.5
2020-04-30,2020-04-30,Invoice payment - Schwartz-King,REF52162499,0.0,1736.38,100084.88
2020-04-30,2020-04-30,"Invoice payment - Taylor, Owens and Dickson",REF40951595,0.0,1777.23,101862.11
2020-05-01,2020-05-01,Tools expense,REF67554102,132.26,0.0,101729.85
2020-05-09,2020-05-09,Business materials,REF68757296,1248.07,0.0,100481.78
2020-05-12,2020-05-12,Business materials,REF72245776,1051.6,0.0,99430.18
2020-05-14,2020-05-14,Safety Equipment expense,REF51001544,101.25,0.0,99328.93
2020-05-15,2020-05-15,Business insurance premium,REF46006055,251.28,0.0,99077.65
2020-05-15,2020-05-15,Service payment - Schwartz-King,REF79677046,0.0,1350.44,100428.09
2020-05-15,2020-05-15,"Service payment - Morris, Huynh and Moody",REF57340003,0.0,1584.68,102012.77
2020-05-15,2020-05-15,"Invoice payment - Gardner, Erickson and King",REF60306658,0.0,1236.47,103249.24
2020-05-15,2020-05-15,Payment from Hernandez Inc,REF17160745,0.0,820.76,104070.0
2020-05-15,2020-05-15,"Payment from Taylor, Owens and Dickson",REF71390559,0.0,1552.62,105622.62
2020-05-19,2020-05-19,Tools expense,REF27067236,114.94,0.0,105507.68
2020-05-19,2020-05-19,Subcontractors expense,REF40972183,1057.48,0.0,104450.2
2020-05-30,2020-05-30,Payment from Hernandez Inc,REF13011743,0.0,979.38,105429.58
2020-05-30,2020-05-30,"Invoice payment - Gardner, Erickson and King",REF63018234,0.0,1151.94,106581.52
2020-05-30,2020-05-30,Invoice payment - Schwartz-King,REF29449124,0.0,2336.32,108917.84
2020-05-30,2020-05-30,"Invoice payment - Taylor, Owens and Dickson",REF90616722,0.0,1286.28,110204.12
2020-05-30,2020-05-30,"Payment from Morris, Huynh and Moody",REF12920184,0.0,1785.28,111989.4
2020-06-10,2020-06-10,Equipment Rental expense,REF76262745,281.36,0.0,111708.04
2020-06-11,2020-06-11,Equipment Rental expense,REF77022135,355.89,0.0,111352.15
2020-06-11,2020-06-11,Tools expense,REF14299037,102.59,0.0,111249.56
2020-06-14,2020-06-14,Fuel purchase,REF69769398,266.93,0.0,110982.63
2020-06-15,2020-06-15,"Project payment - Morris, Huynh and Moody",REF67303791,0.0,1001.44,111984.07
2020-06-15,2020-06-15,Invoice payment - Hernandez Inc,REF97848008,0.0,920.5,112904.57
2020-06-15,2020-06-15,Service payment - Schwartz-King,REF39828368,0.0,2300.21,115204.78
2020-06-15,2020-06-15,"Service payment - Taylor, Owens and Dickson",REF92283507,0.0,1516.13,116720.91
2020-06-15,2020-06-15,Business insurance premium,REF13241977,260.42,0.0,116460.49
2020-06-15,2020-06-15,"Invoice payment - Gardner, Erickson and King",REF25254787,0.0,835.72,117296.21
2020-06-16,2020-06-16,Business materials,REF79000876,1435.95,0.0,115860.26
2020-06-18,2020-06-18,Business materials,REF96933375,865.73,0.0,114994.53
2020-06-20,2020-06-20,Business materials,REF84523284,798.75,0.0,114195.78
2020-06-21,2020-06-21,Fuel purchase,REF76781921,470.37,0.0,113725.41
2020-06-24,2020-06-24,Permits Licenses expense,REF18406677,130.64,0.0,113594.77
2020-06-29,2020-06-29,Fuel purchase,REF47249026,460.8,0.0,113133.97
2020-06-30,2020-06-30,Service payment - Schwartz-King,REF76888795,0.0,1544.03,114678.0
2020-06-30,2020-06-30,Project payment - Hernandez Inc,REF34306457,0.0,1078.04,115756.04
2020-06-30,2020-06-30,"Payment from Morris, Huynh and Moody",REF30984205,0.0,1407.32,117163.36
2020-06-30,2020-06-30,Tools expense,REF35697026,94.52,0.0,117068.84
2020-06-30,2020-06-30,"Project payment - Gardner, Erickson and King",REF22841107,0.0,1022.48,118091.32
2020-07-02,2020-07-02,Subcontractors expense,REF31916047,1251.36,0.0,116839.96
2020-07-03,2020-07-03,Fuel purchase,REF87550950,246.79,0.0,116593.17
2020-07-06,2020-07-06,Subcontractors expense,REF41710865,1307.75,0.0,115285.42
2020-07-09,2020-07-09,Business materials,REF40436770,1171.26,0.0,114114.16
2020-07-13,2020-07-13,Subcontractors expense,REF53612068,962.66,0.0,113151.5
2020-07-13,2020-07-13,Fuel purchase,REF70597235,311.6,0.0,112839.9
2020-07-14,2020-07-14,Subcontractors expense,REF47886502,1079.54,0.0,111760.36
2020-07-15,2020-07-15,Business insurance premium,REF53161465,250.01,0.0,111510.35
2020-07-15,2020-07-15,"Project payment - Morris, Huynh and Moody",REF22561085,0.0,1133.6,112643.95
2020-07-15,2020-07-15,"Payment from Gardner, Erickson and King",REF37455415,0.0,883.79,113527.74
2020-07-15,2020-07-15,Vehicle Maintenance expense,REF74894579,189.97,0.0,113337.77
2020-07-15,2020-07-15,Service payment - Schwartz-King,REF18915329,0.0,1869.64,115207.41
2020-07-15,2020-07-15,Project payment - Hernandez Inc,REF55255402,0.0,971.78,116179.19
2020-07-15,2020-07-15,Fuel purchase,REF91225476,348.86,0.0,115830.33
2020-07-17,2020-07-17,Business materials,REF77438556,389.07,0.0,115441.26
2020-07-18,2020-07-18,Safety Equipment expense,REF42363631,133.26,0.0,115308.0
2020-07-21,2020-07-21,Permits Licenses expense,REF42027568,46.2,0.0,115261.8
2020-07-21,2020-07-21,Business materials,REF89759464,639.68,0.0,114622.12
2020-07-25,2020-07-25,Safety Equipment expense,REF98985789,115.86,0.0,114506.26
2020-07-26,2020-07-26,Vehicle Maintenance expense,REF28813689,92.8,0.0,114413.46
2020-07-28,2020-07-28,Permits Licenses expense,REF71964215,66.56,0.0,114346.9
2020-07-29,2020-07-29,Equipment Rental expense,REF42508822,467.96,0.0,113878.94
2020-07-30,2020-07-30,"Payment from Morris, Huynh and Moody",REF26151121,0.0,1102.71,114981.65
2020-07-30,2020-07-30,Project payment - Hernandez Inc,REF84418663,0.0,1222.53,116204.18
2020-07-30,2020-07-30,"Payment from Gardner, Erickson and King",REF22115073,0.0,781.55,116985.73
2020-07-30,2020-07-30,"Project payment - Taylor, Owens and Dickson",REF46995382,0.0,1283.42,118269.15
2020-07-30,2020-07-30,Service payment - Schwartz-King,REF74156907,0.0,1449.1,119718.25
2020-08-03,2020-08-03,Business materials,REF33995629,687.11,0.0,119031.14
2020-08-07,2020-08-07,Business materials,REF62130397,920.42,0.0,118110.72
2020-08-08,2020-08-08,Fuel purchase,REF53975760,568.58,0.0,117542.14
2020-08-09,2020-08-09,Permits Licenses expense,REF42858050,135.81,0.0,117406.33
2020-08-10,2020-08-10,Equipment Rental expense,REF32493958,573.95,0.0,116832.38
2020-08-10,2020-08-10,Vehicle Maintenance expense,REF22551475,151.53,0.0,116680.85
2020-08-12,2020-08-12,Tools expense,REF86379881,125.01,0.0,116555.84
2020-08-15,2020-08-15,"Invoice payment - Taylor, Owens and Dickson",REF69462267,0.0,1636.01,118191.85
2020-08-15,2020-08-15,"Payment from Morris, Huynh and Moody",REF14085344,0.0,1342.02,119533.87
2020-08-15,2020-08-15,"Service payment - Gardner, Erickson and King",REF51917920,0.0,923.7,120457.57
2020-08-15,2020-08-15,Business insurance premium,REF98862207,246.79,0.0,120210.78
2020-08-15,2020-08-15,Service payment - Hernandez Inc,REF39674357,0.0,1037.74,121248.52
2020-08-15,2020-08-15,Project payment - Schwartz-King,REF13105992,0.0,2274.05,123522.57
2020-08-16,2020-08-16,Safety Equipment expense,REF79123282,116.2,0.0,123406.37
2020-08-16,2020-08-16,Fuel purchase,REF72362063,404.07,0.0,123002.3
2020-08-18,2020-08-18,Tools expense,REF14317877,114.2,0.0,122888.1
2020-08-19,2020-08-19,Subcontractors expense,REF70060305,1708.64,0.0,121179.46
2020-08-20,2020-08-20,Vehicle Maintenance expense,REF25829498,191.85,0.0,120987.61
2020-08-21,2020-08-21,Equipment Rental expense,REF26172801,685.66,0.0,120301.95
2020-08-21,2020-08-21,Business materials,REF95487859,1145.01,0.0,119156.94
2020-08-23,2020-08-23,Permits Licenses expense,REF35533447,109.34,0.0,119047.6
2020-08-27,2020-08-27,Tools expense,REF26950982,175.77,0.0,118871.83
2020-08-30,2020-08-30,Business materials,REF40159895,529.53,0.0,118342.3
2020-08-30,2020-08-30,Service payment - Hernandez Inc,REF94567323,0.0,999.32,119341.62
2020-08-30,2020-08-30,Project payment - Schwartz-King,REF14737628,0.0,1921.52,121263.14
2020-08-30,2020-08-30,"Service payment - Taylor, Owens and Dickson",REF28444150,0.0,1654.4,122917.54
2020-08-30,2020-08-30,"Service payment - Gardner, Erickson and King",REF50897765,0.0,1082.98,124000.52
2020-08-30,2020-08-30,"Service payment - Morris, Huynh and Moody",REF71523038,0.0,1114.75,125115.27
2020-09-01,2020-09-01,Business materials,REF93790324,988.57,0.0,124126.7
2020-09-04,2020-09-04,Business materials,REF36405199,944.56,0.0,123182.14
2020-09-09,2020-09-09,Permits Licenses expense,REF52919805,97.28,0.0,123084.86
2020-09-10,2020-09-10,Safety Equipment expense,REF80637917,34.27,0.0,123050.59
2020-09-13,2020-09-13,Vehicle Maintenance expense,REF36599783,173.55,0.0,122877.04
2020-09-14,2020-09-14,Business materials,REF64954866,883.32,0.0,121993.72
2020-09-15,2020-09-15,"Payment from Taylor, Owens and Dickson",REF56549045,0.0,1440.06,123433.78
2020-09-15,2020-09-15,"Payment from Morris, Huynh and Moody",REF61109828,0.0,1208.34,124642.12
2020-09-15,2020-09-15,"Payment from Gardner, Erickson and King",REF35434709,0.0,683.71,125325.83
2020-09-15,2020-09-15,Business insurance premium,REF92058103,237.22,0.0,125088.61
2020-09-15,2020-09-15,Service payment - Hernandez Inc,REF64874225,0.0,1130.4,126219.01
2020-09-15,2020-09-15,Service payment - Schwartz-King,REF83003888,0.0,1488.81,127707.82
2020-09-19,2020-09-19,Fuel purchase,REF17229183,425.68,0.0,127282.14
2020-09-21,2020-09-21,Fuel purchase,REF82221332,352.36,0.0,126929.78
2020-09-22,2020-09-22,Permits Licenses expense,REF47506070,82.49,0.0,126847.29
2020-09-23,2020-09-23,Fuel purchase,REF58112251,300.13,0.0,126547.16
2020-09-27,2020-09-27,Fuel purchase,REF18013233,445.26,0.0,126101.9
2020-09-29,2020-09-29,Subcontractors expense,REF39331014,687.05,0.0,125414.85
2020-09-30,2020-09-30,"Invoice payment - Taylor, Owens and Dickson",REF93746846,0.0,1494.21,126909.06
2020-09-30,2020-09-30,"Invoice payment - Gardner, Erickson and King",REF59477832,0.0,710.64,127619.7
2020-09-30,2020-09-30,"Invoice payment - Morris, Huynh and Moody",REF76777676,0.0,921.04,128540.74
2020-09-30,2020-09-30,Vehicle Maintenance expense,REF48619228,130.95,0.0,128409.79
2020-09-30,2020-09-30,Service payment - Schwartz-King,REF53627424,0.0,2033.68,130443.47
2020-10-02,2020-10-02,Fuel purchase,REF62529292,257.64,0.0,130185.83
2020-10-04,2020-10-04,Fuel purchase,REF88422563,289.65,0.0,129896.18
2020-10-04,2020-10-04,Business materials,REF27476928,910.31,0.0,128985.87
2020-10-05,2020-10-05,Fuel purchase,REF62641492,254.28,0.0,128731.59
2020-10-06,2020-10-06,Business materials,REF67480688,891.27,0.0,127840.32
2020-10-08,2020-10-08,Business materials,REF27037399,338.82,0.0,127501.5
2020-10-12,2020-10-12,Business materials,REF55230503,1025.96,0.0,126475.54
2020-10-13,2020-10-13,Business materials,REF80147787,900.82,0.0,125574.72
2020-10-14,2020-10-14,Equipment Rental expense,REF88297608,308.58,0.0,125266.14
2020-10-14,2020-10-14,Tools expense,REF44933073,116.93,0.0,125149.21
2020-10-14,2020-10-14,Vehicle Maintenance expense,REF67691081,137.45,0.0,125011.76
2020-10-15,2020-10-15,Business insurance premium,REF76104298,186.58,0.0,124825.18
2020-10-15,2020-10-15,"Project payment - Morris, Huynh and Moody",REF73156974,0.0,919.82,125745.0
2020-10-15,2020-10-15,"Payment from Gardner, Erickson and King",REF87208061,0.0,782.17,126527.17
2020-10-15,2020-10-15,"Payment from Taylor, Owens and Dickson",REF66747459,0.0,1216.85,127744.02
2020-10-15,2020-10-15,Project payment - Hernandez Inc,REF77329307,0.0,1068.46,128812.48
2020-10-16,2020-10-16,Safety Equipment expense,REF30714387,47.22,0.0,128765.26
2020-10-18,2020-10-18,Business materials,REF73957803,874.44,0.0,127890.82
2020-10-19,2020-10-19,Tools expense,REF54300600,82.89,0.0,127807.93
2020-10-19,2020-10-19,Vehicle Maintenance expense,REF46745384,121.25,0.0,127686.68
2020-10-20,2020-10-20,Vehicle Maintenance expense,REF86806537,160.25,0.0,127526.43
2020-10-20,2020-10-20,Business materials,REF62596454,1017.65,0.0,126508.78
2020-10-22,2020-10-22,Business materials,REF56692481,1116.42,0.0,125392.36
2020-10-25,2020-10-25,Fuel purchase,REF84102100,260.56,0.0,125131.8
2020-10-27,2020-10-27,Subcontractors expense,REF43220776,1203.07,0.0,123928.73
2020-10-29,2020-10-29,Fuel purchase,REF42921993,423.41,0.0,123505.32
2020-10-29,2020-10-29,Business materials,REF99433700,841.09,0.0,122664.23
2020-10-30,2020-10-30,"Project payment - Morris, Huynh and Moody",REF56201961,0.0,1216.3,123880.53
2020-10-30,2020-10-30,"Project payment - Gardner, Erickson and King",REF56659563,0.0,885.35,124765.88
2020-10-30,2020-10-30,Project payment - Hernandez Inc,REF25221429,0.0,814.18,125580.06
2020-10-30,2020-10-30,"Invoice payment - Taylor, Owens and Dickson",REF77143116,0.0,1580.37,127160.43
2020-11-05,2020-11-05,Equipment Rental expense,REF68382636,399.27,0.0,126761.16
2020-11-11,2020-11-11,Equipment Rental expense,REF82905448,147.34,0.0,126613.82
2020-11-12,2020-11-12,Subcontractors expense,REF42969523,897.37,0.0,125716.45
2020-11-15,2020-11-15,Business insurance premium,REF60996664,153.52,0.0,125562.93
2020-11-15,2020-11-15,"Service payment - Gardner, Erickson and King",REF85223798,0.0,706.79,126269.72
2020-11-15,2020-11-15,"Payment from Morris, Huynh and Moody",REF67761015,0.0,888.79,127158.51
2020-11-15,2020-11-15,Service payment - Schwartz-King,REF41618186,0.0,923.82,128082.33
2020-11-15,2020-11-15,Project payment - Hernandez Inc,REF14010973,0.0,578.38,128660.71
2020-11-16,2020-11-16,Business materials,REF91847113,589.44,0.0,128071.27
2020-11-17,2020-11-17,Business materials,REF13089507,737.55,0.0,127333.72
2020-11-19,2020-11-19,Equipment Rental expense,REF45174165,233.7,0.0,127100.02
2020-11-21,2020-11-21,Fuel purchase,REF32421874,282.46,0.0,126817.56
2020-11-22,2020-11-22,Fuel purchase,REF65319333,192.45,0.0,126625.11
2020-11-23,2020-11-23,Business materials,REF40371119,573.24,0.0,126051.87
2020-11-24,2020-11-24,Vehicle Maintenance expense,REF34727190,60.57,0.0,125991.3
2020-11-24,2020-11-24,Business materials,REF45341015,546.37,0.0,125444.93
2020-11-30,2020-11-30,Service payment - Hernandez Inc,REF83592010,0.0,601.12,126046.05
2020-11-30,2020-11-30,"Invoice payment - Morris, Huynh and Moody",REF66852225,0.0,869.7,126915.75
2020-11-30,2020-11-30,"Project payment - Gardner, Erickson and King",REF62184601,0.0,460.24,127375.99
2020-11-30,2020-11-30,"Service payment - Taylor, Owens and Dickson",REF96628165,0.0,1069.21,128445.2
2020-12-01,2020-12-01,Business materials,REF78687912,501.47,0.0,127943.73
2020-12-08,2020-12-08,Tools expense,REF54547081,80.35,0.0,127863.38
2020-12-14,2020-12-14,Fuel purchase,REF37471642,240.64,0.0,127622.74
2020-12-15,2020-12-15,Business insurance premium,REF26684736,120.35,0.0,127502.39
2020-12-15,2020-12-15,"Payment from Morris, Huynh and Moody",REF54057363,0.0,763.45,128265.84
2020-12-15,2020-12-15,"Project payment - Gardner, Erickson and King",REF91984804,0.0,402.06,128667.9
2020-12-15,2020-12-15,Service payment - Schwartz-King,REF22032576,0.0,837.41,129505.31
2020-12-15,2020-12-15,Project payment - Hernandez Inc,REF16430234,0.0,566.5,130071.81
2020-12-19,2020-12-19,Subcontractors expense,REF91168708,366.01,0.0,129705.8
2020-12-20,2020-12-20,Fuel purchase,REF63426633,150.04,0.0,129555.76
2020-12-21,2020-12-21,Fuel purchase,REF14730233,141.85,0.0,129413.91
2020-12-23,2020-12-23,Business materials,REF17530130,598.5,0.0,128815.41
2020-12-23,2020-12-23,Vehicle Maintenance expense,REF42152285,95.38,0.0,128720.03
2020-12-27,2020-12-27,Fuel purchase,REF90538763,234.65,0.0,128485.38
2020-12-29,2020-12-29,Fuel purchase,REF53238584,164.14,0.0,128321.24
2020-12-30,2020-12-30,"Payment from Taylor, Owens and Dickson",REF60683687,0.0,821.05,129142.29
2020-12-30,2020-12-30,"Service payment - Gardner, Erickson and King",REF87395811,0.0,438.2,129580.49
2020-12-30,2020-12-30,Invoice payment - Schwartz-King,REF51783282,0.0,686.3,130266.79
2020-12-30,2020-12-30,Payment from Hernandez Inc,REF41596323,0.0,560.77,130827.56
2020-12-30,2020-12-30,"Service payment - Morris, Huynh and Moody",REF83102079,0.0,768.63,131596.19
2021-01-02,2021-01-02,Subcontractors expense,REF35806234,983.12,0.0,130613.07
2021-01-07,2021-01-07,Fuel purchase,REF89931297,215.28,0.0,130397.79
2021-01-08,2021-01-08,Vehicle Maintenance expense,REF51602225,74.49,0.0,130323.3
2021-01-08,2021-01-08,Equipment Rental expense,REF54769058,166.75,0.0,130156.55
2021-01-13,2021-01-13,Fuel purchase,REF87164613,245.98,0.0,129910.57
2021-01-14,2021-01-14,Business materials,REF46433536,417.36,0.0,129493.21
2021-01-15,2021-01-15,Business insurance premium,REF96551319,127.88,0.0,129365.33
2021-01-15,2021-01-15,"Project payment - Gardner, Erickson and King",REF72409238,0.0,672.51,130037.84
2021-01-15,2021-01-15,"Service payment - Morris, Huynh and Moody",REF99137320,0.0,752.48,130790.32
2021-01-15,2021-01-15,Project payment - Hernandez Inc,REF93208265,0.0,767.1,131557.42
2021-01-15,2021-01-15,"Invoice payment - Taylor, Owens and Dickson",REF17555158,0.0,967.82,132525.24
2021-01-15,2021-01-15,Fuel purchase,REF65077543,235.31,0.0,132289.93
2021-01-19,2021-01-19,Permits Licenses expense,REF46743601,69.89,0.0,132220.04
2021-01-20,2021-01-20,Tools expense,REF99031016,60.82,0.0,132159.22
2021-01-23,2021-01-23,Tools expense,REF57101010,96.08,0.0,132063.14
2021-01-30,2021-01-30,"Project payment - Gardner, Erickson and King",REF11990031,0.0,612.37,132675.51
2021-01-30,2021-01-30,Project payment - Schwartz-King,REF86849816,0.0,1229.29,133904.8
2021-01-30,2021-01-30,Invoice payment - Hernandez Inc,REF77181591,0.0,558.2,134463.0
2021-01-30,2021-01-30,"Invoice payment - Taylor, Owens and Dickson",REF69169478,0.0,741.06,135204.06
2021-01-30,2021-01-30,"Service payment - Morris, Huynh and Moody",REF58593140,0.0,779.69,135983.75
2021-01-30,2021-01-30,Business materials,REF73814316,650.09,0.0,135333.66
2021-02-08,2021-02-08,Fuel purchase,REF12784143,273.63,0.0,135060.03
2021-02-10,2021-02-10,Equipment Rental expense,REF99742416,442.95,0.0,134617.08
2021-02-12,2021-02-12,Fuel purchase,REF60356551,235.13,0.0,134381.95
2021-02-13,2021-02-13,Tools expense,REF72326360,83.21,0.0,134298.74
2021-02-15,2021-02-15,Business insurance premium,REF71508775,167.52,0.0,134131.22
2021-02-15,2021-02-15,"Invoice payment - Gardner, Erickson and King",REF73741205,0.0,785.66,134916.88
2021-02-15,2021-02-15,"Payment from Morris, Huynh and Moody",REF92563096,0.0,1113.61,136030.49
2021-02-15,2021-02-15,Payment from Hernandez Inc,REF85735713,0.0,735.94,136766.43
2021-02-15,2021-02-15,"Payment from Taylor, Owens and Dickson",REF18708082,0.0,942.26,137708.69
2021-02-20,2021-02-20,Fuel purchase,REF47796358,252.35,0.0,137456.34
2021-02-22,2021-02-22,Business materials,REF13017652,657.77,0.0,136798.57
2021-02-22,2021-02-22,Tools expense,REF97011565,82.26,0.0,136716.31
2021-02-22,2021-02-22,Subcontractors expense,REF77947628,902.31,0.0,135814.0
2021-02-24,2021-02-24,Tools expense,REF34993064,66.89,0.0,135747.11
2021-02-26,2021-02-26,Subcontractors expense,REF84084519,999.43,0.0,134747.68
2021-02-26,2021-02-26,Vehicle Maintenance expense,REF10568888,73.73,0.0,134673.95
2021-02-28,2021-02-28,"Invoice payment - Taylor, Owens and Dickson",REF56650826,0.0,1123.99,135797.94
2021-02-28,2021-02-28,"Payment from Morris, Huynh and Moody",REF24488490,0.0,948.01,136745.95
2021-02-28,2021-02-28,Project payment - Hernandez Inc,REF34390623,0.0,796.88,137542.83
2021-02-28,2021-02-28,"Payment from Gardner, Erickson and King",REF98485709,0.0,597.47,138140.3
2021-03-02,2021-03-02,Business materials,REF76978077,785.78,0.0,137354.52
2021-03-04,2021-03-04,Business materials,REF14928450,465.77,0.0,136888.75
2021-03-12,2021-03-12,Equipment Rental expense,REF80103887,427.86,0.0,136460.89
2021-03-15,2021-03-15,Payment from Hernandez Inc,REF72567502,0.0,715.89,137176.78
2021-03-15,2021-03-15,"Project payment - Taylor, Owens and Dickson",REF71373660,0.0,1140.86,138317.64
2021-03-15,2021-03-15,"Invoice payment - Morris, Huynh and Moody",REF59917887,0.0,1313.82,139631.46
2021-03-15,2021-03-15,"Service payment - Gardner, Erickson and King",REF30051031,0.0,834.31,140465.77
2021-03-15,2021-03-15,Business insurance premium,REF53206614,190.2,0.0,140275.57
2021-03-15,2021-03-15,Payment from Schwartz-King,REF11455987,0.0,1584.48,141860.05
2021-03-20,2021-03-20,Fuel purchase,REF85882777,255.55,0.0,141604.5
2021-03-27,2021-03-27,Fuel purchase,REF70774542,205.02,0.0,141399.48
2021-03-28,2021-03-28,Business materials,REF81305771,878.86,0.0,140520.62
2021-03-30,2021-03-30,"Payment from Taylor, Owens and Dickson",REF59483448,0.0,1029.49,141550.11
2021-03-30,2021-03-30,Invoice payment - Schwartz-King,REF32011368,0.0,1471.1,143021.21
2021-03-30,2021-03-30,"Payment from Gardner, Erickson and King",REF43802833,0.0,864.51,143885.72
2021-03-30,2021-03-30,Project payment - Hernandez Inc,REF15901779,0.0,610.73,144496.45
2021-03-30,2021-03-30,"Payment from Morris, Huynh and Moody",REF25968039,0.0,1408.23,145904.68
2021-03-31,2021-03-31,Safety Equipment expense,REF98520786,85.43,0.0,145819.25
2021-04-01,2021-04-01,Equipment Rental expense,REF99459219,549.95,0.0,145269.3
2021-04-09,2021-04-09,Tools expense,REF83768090,139.02,0.0,145130.28
2021-04-11,2021-04-11,Safety Equipment expense,REF40441859,97.06,0.0,145033.22
2021-04-15,2021-04-15,Invoice payment - Hernandez Inc,REF30013180,0.0,1007.01,146040.23
2021-04-15,2021-04-15,"Project payment - Gardner, Erickson and King",REF27949636,0.0,990.61,147030.84
2021-04-15,2021-04-15,Service payment - Schwartz-King,REF61176727,0.0,1353.55,148384.39
2021-04-15,2021-04-15,"Service payment - Taylor, Owens and Dickson",REF24247564,0.0,1369.54,149753.93
2021-04-15,2021-04-15,"Service payment - Morris, Huynh and Moody",REF87581723,0.0,1062.42,150816.35
2021-04-15,2021-04-15,Business insurance premium,REF54863107,239.0,0.0,150577.35
2021-04-21,2021-04-21,Fuel purchase,REF17863576,290.51,0.0,150286.84
2021-04-23,2021-04-23,Equipment Rental expense,REF19324270,511.73,0.0,149775.11
2021-04-24,2021-04-24,Fuel purchase,REF68244329,726.94,0.0,149048.17
2021-04-26,2021-04-26,Business materials,REF84636775,655.7,0.0,148392.47
2021-04-26,2021-04-26,Fuel purchase,REF47238567,410.73,0.0,147981.74
2021-04-27,2021-04-27,Fuel purchase,REF96359300,328.42,0.0,147653.32
2021-04-28,2021-04-28,Fuel purchase,REF53728353,366.76,0.0,147286.56
2021-04-28,2021-04-28,Equipment Rental expense,REF13238743,291.79,0.0,146994.77
2021-04-30,2021-04-30,Payment from Schwartz-King,REF61039694,0.0,1324.94,148319.71
2021-04-30,2021-04-30,"Payment from Morris, Huynh and Moody",REF19415232,0.0,1723.13,150042.84
2021-04-30,2021-04-30,"Payment from Gardner, Erickson and King",REF95810344,0.0,1053.27,151096.11
2021-04-30,2021-04-30,Project payment - Hernandez Inc,REF15147869,0.0,1236.72,152332.83
2021-05-04,2021-05-04,Tools expense,REF94040943,113.76,0.0,152219.07
2021-05-08,2021-05-08,Business materials,REF83746634,1099.73,0.0,151119.34
2021-05-10,2021-05-10,Business materials,REF97339604,1397.48,0.0,149721.86
2021-05-13,2021-05-13,Safety Equipment expense,REF80570307,112.76,0.0,149609.1
2021-05-15,2021-05-15,Business insurance premium,REF59697456,255.07,0.0,149354.03
2021-05-15,2021-05-15,Invoice payment - Hernandez Inc,REF89018351,0.0,877.87,150231.9
2021-05-15,2021-05-15,"Project payment - Taylor, Owens and Dickson",REF11266510,0.0,1734.85,151966.75
2021-05-15,2021-05-15,Invoice payment - Schwartz-King,REF69833040,0.0,1494.06,153460.81
2021-05-15,2021-05-15,"Payment from Gardner, Erickson and King",REF94432979,0.0,895.69,154356.5
2021-05-15,2021-05-15,"Project payment - Morris, Huynh and Moody",REF28758711,0.0,1565.61,155922.11
2021-05-19,2021-05-19,Equipment Rental expense,REF24592184,496.69,0.0,155425.42
2021-05-19,2021-05-19,Fuel purchase,REF18687086,428.64,0.0,154996.78
2021-05-20,2021-05-20,Fuel purchase,REF93084110,425.58,0.0,154571.2
2021-05-21,2021-05-21,Safety Equipment expense,REF83449286,85.04,0.0,154486.16
2021-05-21,2021-05-21,Business materials,REF93007453,1009.74,0.0,153476.42
2021-05-23,2021-05-23,Vehicle Maintenance expense,REF78814232,185.99,0.0,153290.43
2021-05-23,2021-05-23,Subcontractors expense,REF73041173,2435.49,0.0,150854.94
2021-05-23,2021-05-23,Tools expense,REF28947377,124.64,0.0,150730.3
2021-05-26,2021-05-26,Vehicle Maintenance expense,REF37990188,216.63,0.0,150513.67
2021-05-26,2021-05-26,Business materials,REF72263588,871.54,0.0,149642.13
2021-05-30,2021-05-30,Payment from Schwartz-King,REF93613386,0.0,1485.37,151127.5
2021-05-30,2021-05-30,"Project payment - Morris, Huynh and Moody",REF94824463,0.0,1647.98,152775.48
2021-05-30,2021-05-30,Project payment - Hernandez Inc,REF95611766,0.0,828.11,153603.59
2021-05-30,2021-05-30,"Project payment - Taylor, Owens and Dickson",REF80302289,0.0,1686.29,155289.88
2021-05-30,2021-05-30,"Payment from Gardner, Erickson and King",REF33535628,0.0,1222.79,156512.67
2021-06-02,2021-06-02,Business materials,REF44162501,1055.85,0.0,155456.82
2021-06-03,2021-06-03,Permits Licenses expense,REF12883679,72.51,0.0,155384.31
2021-06-06,2021-06-06,Business materials,REF34655546,1282.94,0.0,154101.37
2021-06-11,2021-06-11,Business materials,REF26203169,1246.08,0.0,152855.29
2021-06-12,2021-06-12,Fuel purchase,REF21443264,371.16,0.0,152484.13
2021-06-14,2021-06-14,Fuel purchase,REF83247214,401.18,0.0,152082.95
2021-06-14,2021-06-14,Subcontractors expense,REF16778931,1374.15,0.0,150708.8
2021-06-15,2021-06-15,Invoice payment - Hernandez Inc,REF87998359,0.0,1437.46,152146.26
2021-06-15,2021-06-15,Business insurance premium,REF82786830,266.47,0.0,151879.79
2021-06-15,2021-06-15,Project payment - Schwartz-King,REF23735405,0.0,1714.57,153594.36
2021-06-15,2021-06-15,"Project payment - Taylor, Owens and Dickson",REF84674608,0.0,1515.06,155109.42
2021-06-15,2021-06-15,"Invoice payment - Morris, Huynh and Moody",REF91192175,0.0,2062.53,157171.95
2021-06-16,2021-06-16,Tools expense,REF59169707,92.61,0.0,157079.34
2021-06-27,2021-06-27,Fuel purchase,REF20306009,289.63,0.0,156789.71
2021-06-28,2021-06-28,Safety Equipment expense,REF59256816,70.65,0.0,156719.06
2021-06-30,2021-06-30,"Invoice payment - Gardner, Erickson and King",REF30448268,0.0,1132.78,157851.84
2021-06-30,2021-06-30,"Payment from Morris, Huynh and Moody",REF49898599,0.0,1207.54,159059.38
2021-06-30,2021-06-30,Service payment - Hernandez Inc,REF40962474,0.0,1131.84,160191.22
2021-06-30,2021-06-30,"Project payment - Taylor, Owens and Dickson",REF79159217,0.0,1977.08,162168.3
2021-06-30,2021-06-30,Payment from Schwartz-King,REF84371594,0.0,1892.81,164061.11
2021-07-05,2021-07-05,Business materials,REF61393332,276.57,0.0,163784.54
2021-07-06,2021-07-06,Tools expense,REF40663851,124.14,0.0,163660.4
2021-07-11,2021-07-11,Fuel purchase,REF76948387,331.47,0.0,163328.93
2021-07-15,2021-07-15,Business materials,REF22916965,557.21,0.0,162771.72
2021-07-15,2021-07-15,Project payment - Schwartz-King,REF96513659,0.0,2109.82,164881.54
2021-07-15,2021-07-15,"Service payment - Gardner, Erickson and King",REF24257816,0.0,809.33,165690.87
2021-07-15,2021-07-15,"Project payment - Morris, Huynh and Moody",REF75792403,0.0,1674.89,167365.76
2021-07-15,2021-07-15,Business insurance premium,REF99975151,239.25,0.0,167126.51
2021-07-18,2021-07-18,Vehicle Maintenance expense,REF71532875,185.07,0.0,166941.44
2021-07-18,2021-07-18,Business materials,REF54005365,642.83,0.0,166298.61
2021-07-18,2021-07-18,Permits Licenses expense,REF69144702,96.36,0.0,166202.25
2021-07-22,2021-07-22,Equipment Rental expense,REF22857734,581.87,0.0,165620.38
2021-07-27,2021-07-27,Vehicle Maintenance expense,REF60896429,161.89,0.0,165458.49
2021-07-28,2021-07-28,Subcontractors expense,REF48965625,1011.91,0.0,164446.58
2021-07-28,2021-07-28,Business materials,REF17849018,1116.47,0.0,163330.11
2021-07-28,2021-07-28,Fuel purchase,REF70727895,162.17,0.0,163167.94
2021-07-30,2021-07-30,"Payment from Gardner, Erickson and King",REF45714857,0.0,897.78,164065.72
2021-07-30,2021-07-30,Project payment - Schwartz-King,REF63396600,0.0,1665.89,165731.61
2021-07-30,2021-07-30,"Service payment - Morris, Huynh and Moody",REF57069922,0.0,1319.72,167051.33
2021-07-30,2021-07-30,"Project payment - Taylor, Owens and Dickson",REF35485920,0.0,1132.9,168184.23
2021-07-30,2021-07-30,Safety Equipment expense,REF12166678,61.4,0.0,168122.83
2021-07-30,2021-07-30,Invoice payment - Hernandez Inc,REF67056908,0.0,1008.76,169131.59
2021-08-02,2021-08-02,Business materials,REF90725949,1183.34,0.0,167948.25
2021-08-06,2021-08-06,Equipment Rental expense,REF45471526,610.59,0.0,167337.66
2021-08-09,2021-08-09,Fuel purchase,REF31274748,285.66,0.0,167052.0
2021-08-10,2021-08-10,Subcontractors expense,REF32405843,1088.16,0.0,165963.84
2021-08-11,2021-08-11,Fuel purchase,REF79034983,330.06,0.0,165633.78
2021-08-15,2021-08-15,Project payment - Schwartz-King,REF96076398,0.0,1810.74,167444.52
2021-08-15,2021-08-15,Payment from Hernandez Inc,REF47767355,0.0,1096.01,168540.53
2021-08-15,2021-08-15,"Invoice payment - Gardner, Erickson and King",REF40114205,0.0,1037.95,169578.48
2021-08-15,2021-08-15,Business insurance premium,REF24936874,244.49,0.0,169333.99
2021-08-15,2021-08-15,"Project payment - Morris, Huynh and Moody",REF43460892,0.0,1317.91,170651.9
2021-08-15,2021-08-15,"Payment from Taylor, Owens and Dickson",REF53770712,0.0,1141.99,171793.89
2021-08-19,2021-08-19,Equipment Rental expense,REF78486187,508.29,0.0,171285.6
2021-08-20,2021-08-20,Tools expense,REF10890512,150.69,0.0,171134.91
2021-08-21,2021-08-21,Fuel purchase,REF40688612,231.98,0.0,170902.93
2021-08-27,2021-08-27,Subcontractors expense,REF80820666,263.6,0.0,170639.33
2021-08-30,2021-08-30,"Payment from Morris, Huynh and Moody",REF34615715,0.0,1261.29,171900.62
2021-08-30,2021-08-30,Service payment - Schwartz-King,REF94160010,0.0,1570.22,173470.84
2021-08-30,2021-08-30,Project payment - Hernandez Inc,REF74692959,0.0,1071.38,174542.22
2021-08-31,2021-08-31,Subcontractors expense,REF87128566,1830.85,0.0,172711.37
2021-09-01,2021-09-01,Permits Licenses expense,REF17662733,67.33,0.0,172644.04
2021-09-02,2021-09-02,Fuel purchase,REF67496149,227.33,0.0,172416.71
2021-09-05,2021-09-05,Business materials,REF26409799,1414.82,0.0,171001.89
2021-09-10,2021-09-10,Subcontractors expense,REF16107457,970.82,0.0,170031.07
2021-09-10,2021-09-10,Tools expense,REF13438174,79.34,0.0,169951.73
2021-09-12,2021-09-12,Safety Equipment expense,REF58931050,60.44,0.0,169891.29
2021-09-13,2021-09-13,Safety Equipment expense,REF30452142,76.15,0.0,169815.14
2021-09-13,2021-09-13,Business materials,REF38083609,493.2,0.0,169321.94
2021-09-15,2021-09-15,"Invoice payment - Taylor, Owens and Dickson",REF79076024,0.0,1150.2,170472.14
2021-09-15,2021-09-15,"Payment from Morris, Huynh and Moody",REF23119132,0.0,1397.55,171869.69
2021-09-15,2021-09-15,"Payment from Gardner, Erickson and King",REF16401245,0.0,766.06,172635.75
2021-09-15,2021-09-15,Payment from Hernandez Inc,REF15961232,0.0,1086.99,173722.74
2021-09-15,2021-09-15,Business insurance premium,REF44864818,233.96,0.0,173488.78
2021-09-17,2021-09-17,Business materials,REF26095233,826.68,0.0,172662.1
2021-09-17,2021-09-17,Equipment Rental expense,REF23829175,349.75,0.0,172312.35
2021-09-17,2021-09-17,Fuel purchase,REF83001695,427.72,0.0,171884.63
2021-09-19,2021-09-19,Fuel purchase,REF11391078,273.0,0.0,171611.63
2021-09-21,2021-09-21,Business materials,REF98354038,1117.45,0.0,170494.18
2021-09-28,2021-09-28,Fuel purchase,REF40721663,208.09,0.0,170286.09
2021-09-30,2021-09-30,"Project payment - Gardner, Erickson and King",REF19862644,0.0,787.76,171073.85
2021-09-30,2021-09-30,"Payment from Taylor, Owens and Dickson",REF23513076,0.0,1436.7,172510.55
2021-09-30,2021-09-30,Service payment - Schwartz-King,REF66837048,0.0,1957.65,174468.2
2021-10-02,2021-10-02,Business materials,REF23149372,1261.43,0.0,173206.77
2021-10-11,2021-10-11,Fuel purchase,REF90954270,217.42,0.0,172989.35
2021-10-15,2021-10-15,Business insurance premium,REF11291304,211.24,0.0,172778.11
2021-10-15,2021-10-15,"Service payment - Gardner, Erickson and King",REF57344706,0.0,676.1,173454.21
2021-10-15,2021-10-15,"Payment from Morris, Huynh and Moody",REF14353721,0.0,1184.57,174638.78
2021-10-15,2021-10-15,"Service payment - Taylor, Owens and Dickson",REF28596812,0.0,1192.96,175831.74
2021-10-19,2021-10-19,Business materials,REF79675306,813.24,0.0,175018.5
2021-10-20,2021-10-20,Fuel purchase,REF69412310,98.37,0.0,174920.13
2021-10-20,2021-10-20,Tools expense,REF64753942,67.34,0.0,174852.79
2021-10-23,2021-10-23,Fuel purchase,REF46490288,224.2,0.0,174628.59
2021-10-23,2021-10-23,Business materials,REF28057577,994.53,0.0,173634.06
2021-10-30,2021-10-30,"Service payment - Taylor, Owens and Dickson",REF16405753,0.0,972.37,174606.43
2021-10-30,2021-10-30,"Payment from Gardner, Erickson and King",REF39276911,0.0,908.23,175514.66
2021-10-30,2021-10-30,"Project payment - Morris, Huynh and Moody",REF96675243,0.0,884.66,176399.32
2021-10-30,2021-10-30,Invoice payment - Schwartz-King,REF85354931,0.0,1570.09,177969.41
2021-11-01,2021-11-01,Fuel purchase,REF91201841,240.84,0.0,177728.57
2021-11-02,2021-11-02,Fuel purchase,REF94096333,225.68,0.0,177502.89
2021-11-04,2021-11-04,Safety Equipment expense,REF14708436,20.41,0.0,177482.48
2021-11-05,2021-11-05,Fuel purchase,REF78559852,232.26,0.0,177250.22
2021-11-07,2021-11-07,Business materials,REF87240245,738.45,0.0,176511.77
2021-11-10,2021-11-10,Fuel purchase,REF46781366,184.62,0.0,176327.15
2021-11-12,2021-11-12,Tools expense,REF58881315,77.12,0.0,176250.03
2021-11-14,2021-11-14,Fuel purchase,REF74232590,215.35,0.0,176034.68
2021-11-15,2021-11-15,"Invoice payment - Gardner, Erickson and King",REF48136862,0.0,746.43,176781.11
2021-11-15,2021-11-15,Business insurance premium,REF42655432,160.8,0.0,176620.31
2021-11-15,2021-11-15,"Invoice payment - Taylor, Owens and Dickson",REF97253363,0.0,1091.72,177712.03
2021-11-15,2021-11-15,Invoice payment - Schwartz-King,REF77181381,0.0,1205.25,178917.28
2021-11-15,2021-11-15,Payment from Hernandez Inc,REF20030922,0.0,759.84,179677.12
2021-11-15,2021-11-15,"Invoice payment - Morris, Huynh and Moody",REF35308029,0.0,791.2,180468.32
2021-11-15,2021-11-15,Safety Equipment expense,REF30960286,64.96,0.0,180403.36
2021-11-16,2021-11-16,Equipment Rental expense,REF65973451,288.85,0.0,180114.51
2021-11-16,2021-11-16,Fuel purchase,REF17773035,172.71,0.0,179941.8
2021-11-18,2021-11-18,Fuel purchase,REF49549225,184.45,0.0,179757.35
2021-11-23,2021-11-23,Fuel purchase,REF94097674,172.33,0.0,179585.02
2021-11-28,2021-11-28,Business materials,REF37298624,1050.91,0.0,178534.11
2021-11-29,2021-11-29,Tools expense,REF51960661,95.56,0.0,178438.55
2021-11-30,2021-11-30,Service payment - Schwartz-King,REF21056021,0.0,1263.33,179701.88
2021-11-30,2021-11-30,"Invoice payment - Morris, Huynh and Moody",REF49712330,0.0,739.39,180441.27
2021-11-30,2021-11-30,Payment from Hernandez Inc,REF92546737,0.0,693.97,181135.24
2021-11-30,2021-11-30,Fuel purchase,REF15686746,334.92,0.0,180800.32
2021-11-30,2021-11-30,Permits Licenses expense,REF64402109,54.61,0.0,180745.71
2021-11-30,2021-11-30,"Service payment - Gardner, Erickson and King",REF91173661,0.0,694.26,181439.97
2021-11-30,2021-11-30,"Invoice payment - Taylor, Owens and Dickson",REF11108371,0.0,726.17,182166.14
2021-12-03,2021-12-03,Vehicle Maintenance expense,REF51763302,92.56,0.0,182073.58
2021-12-05,2021-12-05,Business materials,REF12228362,429.36,0.0,181644.22
2021-12-07,2021-12-07,Tools expense,REF37116101,46.48,0.0,181597.74
2021-12-10,2021-12-10,Business materials,REF18980560,378.35,0.0,181219.39
2021-12-13,2021-12-13,Business materials,REF64773796,651.66,0.0,180567.73
2021-12-14,2021-12-14,Tools expense,REF86433860,84.37,0.0,180483.36
2021-12-15,2021-12-15,"Payment from Gardner, Erickson and King",REF15191180,0.0,299.66,180783.02
2021-12-15,2021-12-15,Business insurance premium,REF87443850,110.23,0.0,180672.79
2021-12-15,2021-12-15,Payment from Hernandez Inc,REF23357006,0.0,549.67,181222.46
2021-12-15,2021-12-15,"Service payment - Taylor, Owens and Dickson",REF84876334,0.0,651.32,181873.78
2021-12-15,2021-12-15,"Project payment - Morris, Huynh and Moody",REF62476743,0.0,741.51,182615.29
2021-12-15,2021-12-15,Invoice payment - Schwartz-King,REF53726494,0.0,837.88,183453.17
2021-12-16,2021-12-16,Business materials,REF20438417,519.44,0.0,182933.73
2021-12-16,2021-12-16,Fuel purchase,REF40255783,120.25,0.0,182813.48
2021-12-26,2021-12-26,Fuel purchase,REF15526641,181.96,0.0,182631.52
2021-12-27,2021-12-27,Safety Equipment expense,REF89079823,32.34,0.0,182599.18
2021-12-30,2021-12-30,Service payment - Hernandez Inc,REF55394335,0.0,389.61,182988.79
2021-12-30,2021-12-30,Payment from Schwartz-King,REF11046830,0.0,965.35,183954.14
2021-12-30,2021-12-30,"Service payment - Gardner, Erickson and King",REF97365651,0.0,472.22,184426.36
2021-12-30,2021-12-30,"Payment from Morris, Huynh and Moody",REF35126096,0.0,589.02,185015.38
2021-12-30,2021-12-30,"Project payment - Taylor, Owens and Dickson",REF81140481,0.0,605.56,185620.94
2022-01-04,2022-01-04,Fuel purchase,REF17385076,229.36,0.0,185391.58
2022-01-12,2022-01-12,Fuel purchase,REF43485058,261.7,0.0,185129.88
2022-01-15,2022-01-15,"Project payment - Morris, Huynh and Moody",REF81145754,0.0,923.35,186053.23
2022-01-15,2022-01-15,Business insurance premium,REF14861957,145.0,0.0,185908.23
2022-01-15,2022-01-15,"Payment from Taylor, Owens and Dickson",REF20021119,0.0,626.11,186534.34
2022-01-15,2022-01-15,"Project payment - Gardner, Erickson and King",REF91265282,0.0,458.62,186992.96
2022-01-20,2022-01-20,Business materials,REF72579886,504.39,0.0,186488.57
2022-01-20,2022-01-20,Equipment Rental expense,REF44011191,412.06,0.0,186076.51
2022-01-20,2022-01-20,Subcontractors expense,REF22601454,965.66,0.0,185110.85
2022-01-22,2022-01-22,Fuel purchase,REF97915654,230.89,0.0,184879.96
2022-01-22,2022-01-22,Tools expense,REF86462760,53.18,0.0,184826.78
2022-01-24,2022-01-24,Vehicle Maintenance expense,REF25852796,68.79,0.0,184757.99
2022-01-27,2022-01-27,Permits Licenses expense,REF72626671,86.43,0.0,184671.56
2022-01-28,2022-01-28,Vehicle Maintenance expense,REF88413631,104.11,0.0,184567.45
2022-01-30,2022-01-30,"Project payment - Gardner, Erickson and King",REF20062806,0.0,467.4,185034.85
2022-01-30,2022-01-30,"Payment from Taylor, Owens and Dickson",REF75253043,0.0,770.31,185805.16
2022-01-30,2022-01-30,"Payment from Morris, Huynh and Moody",REF10388388,0.0,944.81,186749.97
2022-01-30,2022-01-30,Payment from Schwartz-King,REF56737503,0.0,1062.93,187812.9
2022-01-30,2022-01-30,Payment from Hernandez Inc,REF47869801,0.0,514.18,188327.08
2022-01-31,2022-01-31,Tools expense,REF64262976,92.15,0.0,188234.93
2022-01-31,2022-01-31,Fuel purchase,REF99194455,107.64,0.0,188127.29
2022-02-10,2022-02-10,Equipment Rental expense,REF71066375,277.62,0.0,187849.67
2022-02-10,2022-02-10,Subcontractors expense,REF46577857,1032.26,0.0,186817.41
2022-02-10,2022-02-10,Business materials,REF54169521,598.65,0.0,186218.76
2022-02-14,2022-02-14,Subcontractors expense,REF64334988,945.71,0.0,185273.05
2022-02-15,2022-02-15,Business insurance premium,REF86013048,166.72,0.0,185106.33
2022-02-15,2022-02-15,"Service payment - Gardner, Erickson and King",REF63674301,0.0,738.26,185844.59
2022-02-15,2022-02-15,"Payment from Morris, Huynh and Moody",REF55976835,0.0,1166.98,187011.57
2022-02-15,2022-02-15,Service payment - Hernandez Inc,REF38414616,0.0,528.58,187540.15
2022-02-15,2022-02-15,"Service payment - Taylor, Owens and Dickson",REF54576087,0.0,807.51,188347.66
2022-02-16,2022-02-16,Business materials,REF29859214,606.32,0.0,187741.34
2022-02-17,2022-02-17,Fuel purchase,REF44469029,230.39,0.0,187510.95
2022-02-18,2022-02-18,Business materials,REF35176200,609.75,0.0,186901.2
2022-02-28,2022-02-28,"Payment from Taylor, Owens and Dickson",REF48193706,0.0,997.69,187898.89
2022-02-28,2022-02-28,Project payment - Schwartz-King,REF23202940,0.0,1235.23,189134.12
2022-02-28,2022-02-28,Project payment - Hernandez Inc,REF74422608,0.0,681.93,189816.05
2022-03-01,2022-03-01,Permits Licenses expense,REF23444542,82.53,0.0,189733.52
2022-03-02,2022-03-02,Business materials,REF79148529,721.95,0.0,189011.57
2022-03-09,2022-03-09,Tools expense,REF61962437,81.14,0.0,188930.43
2022-03-13,2022-03-13,Subcontractors expense,REF21294392,841.25,0.0,188089.18
2022-03-15,2022-03-15,Business insurance premium,REF27811733,196.49,0.0,187892.69
2022-03-15,2022-03-15,Service payment - Schwartz-King,REF53286853,0.0,1365.68,189258.37
2022-03-15,2022-03-15,"Project payment - Taylor, Owens and Dickson",REF73458102,0.0,1022.4,190280.77
2022-03-15,2022-03-15,"Project payment - Gardner, Erickson and King",REF72655078,0.0,937.37,191218.14
2022-03-17,2022-03-17,Fuel purchase,REF49490591,320.64,0.0,190897.5
2022-03-18,2022-03-18,Vehicle Maintenance expense,REF64038392,140.34,0.0,190757.16
2022-03-23,2022-03-23,Safety Equipment expense,REF39142630,71.79,0.0,190685.37
2022-03-24,2022-03-24,Fuel purchase,REF33324873,426.13,0.0,190259.24
2022-03-25,2022-03-25,Fuel purchase,REF31283048,109.49,0.0,190149.75
2022-03-26,2022-03-26,Safety Equipment expense,REF27164621,91.49,0.0,190058.26
2022-03-30,2022-03-30,"Invoice payment - Taylor, Owens and Dickson",REF21984560,0.0,1058.61,191116.87
2022-03-30,2022-03-30,Payment from Hernandez Inc,REF95739714,0.0,850.71,191967.58
2022-03-30,2022-03-30,"Service payment - Morris, Huynh and Moody",REF36581049,0.0,887.73,192855.31
2022-03-30,2022-03-30,Invoice payment - Schwartz-King,REF45943774,0.0,1271.64,194126.95
2022-03-30,2022-03-30,"Invoice payment - Gardner, Erickson and King",REF20872890,0.0,657.84,194784.79
2022-04-02,2022-04-02,Business materials,REF64445526,876.71,0.0,193908.08
2022-04-06,2022-04-06,Vehicle Maintenance expense,REF85255623,119.04,0.0,193789.04
2022-04-14,2022-04-14,Business materials,REF56439518,1210.1,0.0,192578.94
2022-04-14,2022-04-14,Fuel purchase,REF40765270,327.57,0.0,192251.37
2022-04-15,2022-04-15,Business insurance premium,REF13245752,259.78,0.0,191991.59
2022-04-15,2022-04-15,Project payment - Hernandez Inc,REF69239153,0.0,925.12,192916.71
2022-04-15,2022-04-15,"Service payment - Gardner, Erickson and King",REF82102469,0.0,1050.74,193967.45
2022-04-15,2022-04-15,Project payment - Schwartz-King,REF68625429,0.0,1603.65,195571.1
2022-04-15,2022-04-15,"Project payment - Taylor, Owens and Dickson",REF46382816,0.0,1713.7,197284.8
2022-04-15,2022-04-15,"Payment from Morris, Huynh and Moody",REF78024931,0.0,1485.84,198770.64
2022-04-19,2022-04-19,Fuel purchase,REF78068517,406.83,0.0,198363.81
2022-04-22,2022-04-22,Fuel purchase,REF36417754,288.0,0.0,198075.81
2022-04-25,2022-04-25,Equipment Rental expense,REF54260127,377.59,0.0,197698.22
2022-04-27,2022-04-27,Business materials,REF53716823,1386.91,0.0,196311.31
2022-04-30,2022-04-30,Business materials,REF42310538,960.31,0.0,195351.0
2022-04-30,2022-04-30,"Project payment - Taylor, Owens and Dickson",REF67863345,0.0,1635.0,196986.0
2022-04-30,2022-04-30,"Payment from Gardner, Erickson and King",REF70766304,0.0,942.78,197928.78
2022-04-30,2022-04-30,Invoice payment - Hernandez Inc,REF12612049,0.0,1122.08,199050.86
2022-05-01,2022-05-01,Safety Equipment expense,REF49845693,71.27,0.0,198979.59
2022-05-02,2022-05-02,Business materials,REF74200745,943.78,0.0,198035.81
2022-05-04,2022-05-04,Equipment Rental expense,REF88432309,125.54,0.0,197910.27
2022-05-10,2022-05-10,Equipment Rental expense,REF81379409,455.41,0.0,197454.86
2022-05-15,2022-05-15,Fuel purchase,REF78784506,337.67,0.0,197117.19
2022-05-15,2022-05-15,Payment from Schwartz-King,REF71965965,0.0,1943.3,199060.49
2022-05-15,2022-05-15,Business insurance premium,REF16425710,247.16,0.0,198813.33
2022-05-15,2022-05-15,"Service payment - Taylor, Owens and Dickson",REF83571085,0.0,1346.91,200160.24
2022-05-15,2022-05-15,"Project payment - Morris, Huynh and Moody",REF24055087,0.0,1436.63,201596.87
2022-05-16,2022-05-16,Tools expense,REF26212537,119.51,0.0,201477.36
2022-05-16,2022-05-16,Fuel purchase,REF67340534,180.68,0.0,201296.68
2022-05-18,2022-05-18,Permits Licenses expense,REF97493036,129.93,0.0,201166.75
2022-05-19,2022-05-19,Permits Licenses expense,REF17201820,101.06,0.0,201065.69
2022-05-26,2022-05-26,Tools expense,REF68611108,202.22,0.0,200863.47
2022-05-29,2022-05-29,Subcontractors expense,REF41320177,1344.0,0.0,199519.47
2022-05-30,2022-05-30,"Project payment - Morris, Huynh and Moody",REF36034677,0.0,1419.36,200938.83
2022-05-30,2022-05-30,"Project payment - Taylor, Owens and Dickson",REF79793850,0.0,1407.09,202345.92
2022-05-30,2022-05-30,"Payment from Gardner, Erickson and King",REF49027227,0.0,1194.76,203540.68
2022-05-30,2022-05-30,Payment from Schwartz-King,REF51354138,0.0,1646.72,205187.4
2022-05-30,2022-05-30,Tools expense,REF77779916,110.97,0.0,205076.43
2022-06-10,2022-06-10,Business materials,REF86395753,686.3,0.0,204390.13
2022-06-12,2022-06-12,Vehicle Maintenance expense,REF43696216,233.83,0.0,204156.3
2022-06-15,2022-06-15,Payment from Schwartz-King,REF62783667,0.0,1891.86,206048.16
2022-06-15,2022-06-15,Business insurance premium,REF80246103,268.34,0.0,205779.82
2022-06-15,2022-06-15,"Invoice payment - Gardner, Erickson and King",REF65127906,0.0,1172.85,206952.67
2022-06-15,2022-06-15,"Invoice payment - Taylor, Owens and Dickson",REF52567494,0.0,1705.17,208657.84
2022-06-15,2022-06-15,"Invoice payment - Morris, Huynh and Moody",REF23956056,0.0,963.41,209621.25
2022-06-15,2022-06-15,Payment from Hernandez Inc,REF35024571,0.0,697.5,210318.75
2022-06-16,2022-06-16,Fuel purchase,REF47879844,406.63,0.0,209912.12
2022-06-22,2022-06-22,Permits Licenses expense,REF43255665,122.24,0.0,209789.88
2022-06-29,2022-06-29,Business materials,REF66359998,988.91,0.0,208800.97
2022-06-30,2022-06-30,Payment from Hernandez Inc,REF46375747,0.0,1003.15,209804.12
2022-06-30,2022-06-30,"Service payment - Morris, Huynh and Moody",REF63420448,0.0,916.84,210720.96
2022-06-30,2022-06-30,Fuel purchase,REF45706970,148.5,0.0,210572.46
2022-06-30,2022-06-30,"Invoice payment - Gardner, Erickson and King",REF53337134,0.0,800.71,211373.17
2022-06-30,2022-06-30,Invoice payment - Schwartz-King,REF93619778,0.0,1529.27,212902.44
2022-06-30,2022-06-30,"Service payment - Taylor, Owens and Dickson",REF20565625,0.0,1666.15,214568.59
2022-07-02,2022-07-02,Subcontractors expense,REF54662989,1161.92,0.0,213406.67
2022-07-03,2022-07-03,Vehicle Maintenance expense,REF76832933,224.88,0.0,213181.79
2022-07-05,2022-07-05,Tools expense,REF60407175,69.85,0.0,213111.94
2022-07-06,2022-07-06,Fuel purchase,REF96197385,508.57,0.0,212603.37
2022-07-07,2022-07-07,Fuel purchase,REF30140749,375.62,0.0,212227.75
2022-07-10,2022-07-10,Business materials,REF40672789,1495.68,0.0,210732.07
2022-07-12,2022-07-12,Vehicle Maintenance expense,REF87488005,225.57,0.0,210506.5
2022-07-12,2022-07-12,Fuel purchase,REF16396336,423.53,0.0,210082.97
2022-07-14,2022-07-14,Fuel purchase,REF18175432,432.51,0.0,209650.46
2022-07-15,2022-07-15,Business insurance premium,REF76674340,232.52,0.0,209417.94
2022-07-15,2022-07-15,Payment from Hernandez Inc,REF25295556,0.0,795.73,210213.67
2022-07-15,2022-07-15,"Service payment - Gardner, Erickson and King",REF10280110,0.0,756.44,210970.11
2022-07-15,2022-07-15,"Invoice payment - Morris, Huynh and Moody",REF93040213,0.0,1422.31,212392.42
2022-07-15,2022-07-15,"Project payment - Taylor, Owens and Dickson",REF49697547,0.0,1566.15,213958.57
2022-07-16,2022-07-16,Vehicle Maintenance expense,REF43711263,97.26,0.0,213861.31
2022-07-17,2022-07-17,Equipment Rental expense,REF89646673,403.15,0.0,213458.16
2022-07-20,2022-07-20,Subcontractors expense,REF49931749,1446.53,0.0,212011.63
2022-07-28,2022-07-28,Vehicle Maintenance expense,REF65584976,166.2,0.0,211845.43
2022-07-30,2022-07-30,"Service payment - Morris, Huynh and Moody",REF82460696,0.0,1620.0,213465.43
2022-07-30,2022-07-30,"Service payment - Gardner, Erickson and King",REF59798504,0.0,1030.45,214495.88
2022-07-30,2022-07-30,"Invoice payment - Taylor, Owens and Dickson",REF50149665,0.0,1142.32,215638.2
2022-07-30,2022-07-30,Service payment - Schwartz-King,REF54490801,0.0,2046.06,217684.26
2022-07-30,2022-07-30,Service payment - Hernandez Inc,REF90141275,0.0,857.83,218542.09
2022-07-31,2022-07-31,Business materials,REF54134589,708.32,0.0,217833.77
2022-08-01,2022-08-01,Business materials,REF96106657,519.69,0.0,217314.08
2022-08-02,2022-08-02,Business materials,REF76652976,1061.83,0.0,216252.25
2022-08-08,2022-08-08,Subcontractors expense,REF15705475,639.11,0.0,215613.14
2022-08-09,2022-08-09,Business materials,REF90412791,1330.13,0.0,214283.01
2022-08-10,2022-08-10,Business materials,REF12539879,719.14,0.0,213563.87
2022-08-15,2022-08-15,Business insurance premium,REF73988212,258.91,0.0,213304.96
2022-08-15,2022-08-15,Equipment Rental expense,REF27579155,555.94,0.0,212749.02
2022-08-15,2022-08-15,Project payment - Hernandez Inc,REF69049061,0.0,970.42,213719.44
2022-08-15,2022-08-15,"Service payment - Gardner, Erickson and King",REF86792932,0.0,947.72,214667.16
2022-08-15,2022-08-15,"Service payment - Taylor, Owens and Dickson",REF95946998,0.0,1436.46,216103.62
2022-08-15,2022-08-15,"Invoice payment - Morris, Huynh and Moody",REF52803935,0.0,1332.13,217435.75
2022-08-15,2022-08-15,Project payment - Schwartz-King,REF96491790,0.0,2462.18,219897.93
2022-08-16,2022-08-16,Fuel purchase,REF82097631,305.75,0.0,219592.18
2022-08-18,2022-08-18,Permits Licenses expense,REF93041595,120.71,0.0,219471.47
2022-08-22,2022-08-22,Business materials,REF79441076,953.21,0.0,218518.26
2022-08-28,2022-08-28,Tools expense,REF75537294,141.41,0.0,218376.85
2022-08-30,2022-08-30,"Payment from Gardner, Erickson and King",REF92553627,0.0,1029.64,219406.49
2022-08-30,2022-08-30,"Service payment - Taylor, Owens and Dickson",REF86776872,0.0,1355.13,220761.62
2022-09-03,2022-09-03,Safety Equipment expense,REF49104676,91.73,0.0,220669.89
2022-09-05,2022-09-05,Fuel purchase,REF16341952,330.68,0.0,220339.21
2022-09-11,2022-09-11,Fuel purchase,REF68085024,303.56,0.0,220035.65
2022-09-15,2022-09-15,"Service payment - Taylor, Owens and Dickson",REF12144942,0.0,1397.82,221433.47
2022-09-15,2022-09-15,Business insurance premium,REF29036677,232.33,0.0,221201.14
2022-09-15,2022-09-15,Project payment - Schwartz-King,REF47785621,0.0,2023.85,223224.99
2022-09-15,2022-09-15,Service payment - Hernandez Inc,REF69576985,0.0,874.5,224099.49
2022-09-15,2022-09-15,"Project payment - Gardner, Erickson and King",REF21561958,0.0,1021.99,225121.48
2022-09-19,2022-09-19,Business materials,REF73342613,1507.88,0.0,223613.6
2022-09-19,2022-09-19,Permits Licenses expense,REF43752032,15.42,0.0,223598.18
2022-09-22,2022-09-22,Business materials,REF92670865,500.68,0.0,223097.5
2022-09-27,2022-09-27,Subcontractors expense,REF55964250,944.72,0.0,222152.78
2022-09-30,2022-09-30,"Service payment - Gardner, Erickson and King",REF60135485,0.0,853.85,223006.63
2022-09-30,2022-09-30,Service payment - Hernandez Inc,REF71688320,0.0,985.82,223992.45
2022-09-30,2022-09-30,Project payment - Schwartz-King,REF39303643,0.0,1159.39,225151.84
2022-10-03,2022-10-03,Business materials,REF19527174,1032.05,0.0,224119.79
2022-10-04,2022-10-04,Fuel purchase,REF58398592,241.52,0.0,223878.27
2022-10-05,2022-10-05,Business materials,REF73860353,737.26,0.0,223141.01
2022-10-10,2022-10-10,Business materials,REF91878876,582.35,0.0,222558.66
2022-10-11,2022-10-11,Permits Licenses expense,REF46379394,87.49,0.0,222471.17
2022-10-12,2022-10-12,Equipment Rental expense,REF85784876,490.56,0.0,221980.61
2022-10-15,2022-10-15,Business insurance premium,REF36133922,207.46,0.0,221773.15
2022-10-15,2022-10-15,"Payment from Morris, Huynh and Moody",REF53154810,0.0,1333.52,223106.67
2022-10-15,2022-10-15,"Project payment - Gardner, Erickson and King",REF35079935,0.0,621.74,223728.41
2022-10-15,2022-10-15,Project payment - Hernandez Inc,REF53893036,0.0,892.44,224620.85
2022-10-15,2022-10-15,Invoice payment - Schwartz-King,REF60412856,0.0,1142.11,225762.96
2022-10-15,2022-10-15,"Invoice payment - Taylor, Owens and Dickson",REF84293162,0.0,1362.32,227125.28
2022-10-15,2022-10-15,Permits Licenses expense,REF59511059,109.72,0.0,227015.56
2022-10-16,2022-10-16,Permits Licenses expense,REF19786632,101.43,0.0,226914.13
2022-10-18,2022-10-18,Safety Equipment expense,REF80403589,87.2,0.0,226826.93
2022-10-18,2022-10-18,Business materials,REF14930624,592.01,0.0,226234.92
2022-10-19,2022-10-19,Permits Licenses expense,REF70492332,144.1,0.0,226090.82
2022-10-20,2022-10-20,Fuel purchase,REF84931794,247.73,0.0,225843.09
2022-10-22,2022-10-22,Fuel purchase,REF70827810,378.05,0.0,225465.04
2022-10-23,2022-10-23,Business materials,REF78878126,979.47,0.0,224485.57
2022-10-24,2022-10-24,Business materials,REF31599928,813.63,0.0,223671.94
2022-10-28,2022-10-28,Tools expense,REF61292190,88.9,0.0,223583.04
2022-10-30,2022-10-30,Invoice payment - Hernandez Inc,REF67670680,0.0,701.23,224284.27
2022-10-30,2022-10-30,"Invoice payment - Gardner, Erickson and King",REF74309797,0.0,768.15,225052.42
2022-10-30,2022-10-30,Project payment - Schwartz-King,REF39029382,0.0,1772.94,226825.36
2022-10-30,2022-10-30,"Service payment - Taylor, Owens and Dickson",REF35073978,0.0,1230.08,228055.44
2022-10-30,2022-10-30,"Payment from Morris, Huynh and Moody",REF42260666,0.0,1356.11,229411.55
2022-11-05,2022-11-05,Vehicle Maintenance expense,REF77563405,138.92,0.0,229272.63
2022-11-08,2022-11-08,Fuel purchase,REF12609145,268.44,0.0,229004.19
2022-11-11,2022-11-11,Vehicle Maintenance expense,REF49383578,100.18,0.0,228904.01
2022-11-12,2022-11-12,Business materials,REF12712030,799.45,0.0,228104.56
2022-11-12,2022-11-12,Vehicle Maintenance expense,REF28464527,143.48,0.0,227961.08
2022-11-14,2022-11-14,Fuel purchase,REF76225547,292.57,0.0,227668.51
2022-11-15,2022-11-15,Invoice payment - Hernandez Inc,REF64596852,0.0,746.82,228415.33
2022-11-15,2022-11-15,"Project payment - Morris, Huynh and Moody",REF43426255,0.0,959.04,229374.37
2022-11-15,2022-11-15,Project payment - Schwartz-King,REF48722255,0.0,978.16,230352.53
2022-11-15,2022-11-15,Business insurance premium,REF38558078,150.94,0.0,230201.59
2022-11-15,2022-11-15,"Project payment - Gardner, Erickson and King",REF83310525,0.0,614.51,230816.1
2022-11-17,2022-11-17,Permits Licenses expense,REF16694845,98.82,0.0,230717.28
2022-11-19,2022-11-19,Permits Licenses expense,REF28360614,67.04,0.0,230650.24
2022-11-30,2022-11-30,"Invoice payment - Gardner, Erickson and King",REF64984968,0.0,626.38,231276.62
2022-11-30,2022-11-30,Service payment - Hernandez Inc,REF44042092,0.0,816.63,232093.25
2022-11-30,2022-11-30,"Project payment - Taylor, Owens and Dickson",REF61974223,0.0,1192.16,233285.41
2022-11-30,2022-11-30,Invoice payment - Schwartz-King,REF50785287,0.0,1240.14,234525.55
2022-12-02,2022-12-02,Business materials,REF77072664,615.73,0.0,233909.82
2022-12-04,2022-12-04,Business materials,REF59054562,434.4,0.0,233475.42
2022-12-05,2022-12-05,Vehicle Maintenance expense,REF57242336,106.8,0.0,233368.62
2022-12-08,2022-12-08,Subcontractors expense,REF75541164,383.66,0.0,232984.96
2022-12-12,2022-12-12,Fuel purchase,REF80949407,195.59,0.0,232789.37
2022-12-12,2022-12-12,Equipment Rental expense,REF97073723,216.76,0.0,232572.61
2022-12-15,2022-12-15,"Service payment - Gardner, Erickson and King",REF68121924,0.0,587.06,233159.67
2022-12-15,2022-12-15,Payment from Hernandez Inc,REF22462715,0.0,506.88,233666.55
2022-12-15,2022-12-15,"Payment from Taylor, Owens and Dickson",REF70515808,0.0,647.8,234314.35
2022-12-15,2022-12-15,"Project payment - Morris, Huynh and Moody",REF93258070,0.0,849.75,235164.1
2022-12-15,2022-12-15,Project payment - Schwartz-King,REF64714783,0.0,822.54,235986.64
2022-12-15,2022-12-15,Business insurance premium,REF96974270,126.53,0.0,235860.11
2022-12-16,2022-12-16,Fuel purchase,REF72652045,157.66,0.0,235702.45
2022-12-17,2022-12-17,Business materials,REF39820633,639.89,0.0,235062.56
2022-12-18,2022-12-18,Vehicle Maintenance expense,REF55093505,96.97,0.0,234965.59
2022-12-25,2022-12-25,Business materials,REF25017440,221.06,0.0,234744.53
2022-12-26,2022-12-26,Fuel purchase,REF40622878,158.85,0.0,234585.68
2022-12-26,2022-12-26,Business materials,REF29058833,405.05,0.0,234180.63
2022-12-27,2022-12-27,Safety Equipment expense,REF79253543,41.66,0.0,234138.97
2022-12-28,2022-12-28,Permits Licenses expense,REF83686935,42.62,0.0,234096.35
2022-12-30,2022-12-30,"Invoice payment - Gardner, Erickson and King",REF31949535,0.0,454.19,234550.54
2022-12-30,2022-12-30,Payment from Schwartz-King,REF32425613,0.0,742.89,235293.43
2022-12-30,2022-12-30,"Payment from Taylor, Owens and Dickson",REF79771227,0.0,745.02,236038.45
2022-12-30,2022-12-30,"Service payment - Morris, Huynh and Moody",REF99020661,0.0,707.22,236745.67
2023-01-03,2023-01-03,Fuel purchase,REF60092871,225.88,0.0,236519.79
2023-01-06,2023-01-06,Business materials,REF19854303,644.65,0.0,235875.14
2023-01-07,2023-01-07,Fuel purchase,REF22799223,197.12,0.0,235678.02
2023-01-13,2023-01-13,Fuel purchase,REF52541513,235.84,0.0,235442.18
2023-01-15,2023-01-15,Business materials,REF95188986,773.09,0.0,234669.09
2023-01-15,2023-01-15,Business insurance premium,REF47298192,135.56,0.0,234533.53
2023-01-15,2023-01-15,"Invoice payment - Taylor, Owens and Dickson",REF36338852,0.0,922.89,235456.42
2023-01-15,2023-01-15,Project payment - Schwartz-King,REF31493148,0.0,1048.33,236504.75
2023-01-15,2023-01-15,"Project payment - Morris, Huynh and Moody",REF93828181,0.0,699.45,237204.2
2023-01-15,2023-01-15,"Payment from Gardner, Erickson and King",REF65295026,0.0,376.34,237580.54
2023-01-15,2023-01-15,Project payment - Hernandez Inc,REF47163461,0.0,575.47,238156.01
2023-01-28,2023-01-28,Business materials,REF38552703,172.81,0.0,237983.2
2023-01-28,2023-01-28,Fuel purchase,REF88242686,127.85,0.0,237855.35
2023-01-30,2023-01-30,Safety Equipment expense,REF70278718,64.52,0.0,237790.83
2023-01-30,2023-01-30,Project payment - Hernandez Inc,REF33290787,0.0,341.2,238132.03
2023-01-30,2023-01-30,"Invoice payment - Taylor, Owens and Dickson",REF62508172,0.0,666.76,238798.79
2023-01-30,2023-01-30,"Project payment - Gardner, Erickson and King",REF39180820,0.0,484.83,239283.62
2023-01-30,2023-01-30,Service payment - Schwartz-King,REF40157068,0.0,976.07,240259.69
2023-01-31,2023-01-31,Fuel purchase,REF27698702,207.11,0.0,240052.58
2023-02-04,2023-02-04,Business materials,REF83772236,281.93,0.0,239770.65
2023-02-06,2023-02-06,Safety Equipment expense,REF69978504,70.4,0.0,239700.25
2023-02-08,2023-02-08,Business materials,REF29754215,874.92,0.0,238825.33
2023-02-09,2023-02-09,Business materials,REF64978339,686.34,0.0,238138.99
2023-02-10,2023-02-10,Safety Equipment expense,REF53371458,40.39,0.0,238098.6
2023-02-11,2023-02-11,Vehicle Maintenance expense,REF49265510,98.77,0.0,237999.83
2023-02-13,2023-02-13,Permits Licenses expense,REF77592068,80.89,0.0,237918.94
2023-02-15,2023-02-15,"Service payment - Gardner, Erickson and King",REF58075484,0.0,560.07,238479.01
2023-02-15,2023-02-15,Business insurance premium,REF55312956,156.55,0.0,238322.46
2023-02-15,2023-02-15,Service payment - Hernandez Inc,REF25299450,0.0,568.62,238891.08
2023-02-15,2023-02-15,"Payment from Morris, Huynh and Moody",REF31917911,0.0,1016.68,239907.76
2023-02-15,2023-02-15,"Project payment - Taylor, Owens and Dickson",REF16137530,0.0,1078.23,240985.99
2023-02-24,2023-02-24,Business materials,REF88699199,747.94,0.0,240238.05
2023-02-26,2023-02-26,Business materials,REF64863240,533.11,0.0,239704.94
2023-02-28,2023-02-28,Payment from Schwartz-King,REF57635392,0.0,948.97,240653.91
2023-02-28,2023-02-28,Project payment - Hernandez Inc,REF19172031,0.0,737.84,241391.75
2023-02-28,2023-02-28,"Payment from Morris, Huynh and Moody",REF89765638,0.0,891.9,242283.65
2023-02-28,2023-02-28,"Project payment - Gardner, Erickson and King",REF39495489,0.0,700.27,242983.92
2023-03-01,2023-03-01,Fuel purchase,REF51927193,311.94,0.0,242671.98
2023-03-02,2023-03-02,Fuel purchase,REF49743313,298.06,0.0,242373.92
2023-03-02,2023-03-02,Tools expense,REF44939391,80.21,0.0,242293.71
2023-03-06,2023-03-06,Fuel purchase,REF22611690,289.14,0.0,242004.57
2023-03-06,2023-03-06,Business materials,REF38649759,575.29,0.0,241429.28
2023-03-08,2023-03-08,Fuel purchase,REF38861376,223.28,0.0,241206.0
2023-03-08,2023-03-08,Business materials,REF46590380,1066.28,0.0,240139.72
2023-03-13,2023-03-13,Fuel purchase,REF89193249,273.56,0.0,239866.16
2023-03-13,2023-03-13,Subcontractors expense,REF67083970,871.82,0.0,238994.34
2023-03-15,2023-03-15,Project payment - Hernandez Inc,REF70676712,0.0,1044.39,240038.73
2023-03-15,2023-03-15,"Payment from Morris, Huynh and Moody",REF29141963,0.0,845.56,240884.29
2023-03-15,2023-03-15,"Service payment - Taylor, Owens and Dickson",REF51368783,0.0,996.72,241881.01
2023-03-15,2023-03-15,"Payment from Gardner, Erickson and King",REF52198466,0.0,838.86,242719.87
2023-03-15,2023-03-15,Service payment - Schwartz-King,REF69955763,0.0,1140.11,243859.98
2023-03-15,2023-03-15,Business insurance premium,REF52558100,201.83,0.0,243658.15
2023-03-17,2023-03-17,Fuel purchase,REF17202559,261.49,0.0,243396.66
2023-03-18,2023-03-18,Business materials,REF71991863,1030.51,0.0,242366.15
2023-03-20,2023-03-20,Subcontractors expense,REF61346567,1246.18,0.0,241119.97
2023-03-22,2023-03-22,Fuel purchase,REF69655938,234.47,0.0,240885.5
2023-03-25,2023-03-25,Fuel purchase,REF61206311,273.97,0.0,240611.53
2023-03-25,2023-03-25,Subcontractors expense,REF31003477,763.16,0.0,239848.37
2023-03-29,2023-03-29,Business materials,REF12740539,1846.84,0.0,238001.53
2023-03-29,2023-03-29,Fuel purchase,REF41223972,214.52,0.0,237787.01
2023-03-30,2023-03-30,"Project payment - Taylor, Owens and Dickson",REF98215012,0.0,1003.62,238790.63
2023-03-30,2023-03-30,Project payment - Hernandez Inc,REF66271188,0.0,912.75,239703.38
2023-03-30,2023-03-30,"Invoice payment - Gardner, Erickson and King",REF22815600,0.0,901.39,240604.77
2023-03-30,2023-03-30,"Project payment - Morris, Huynh and Moody",REF73810764,0.0,745.96,241350.73
2023-03-30,2023-03-30,Service payment - Schwartz-King,REF89588776,0.0,830.9,242181.63
2023-04-09,2023-04-09,Fuel purchase,REF18306112,355.59,0.0,241826.04
2023-04-10,2023-04-10,Equipment Rental expense,REF71934982,558.1,0.0,241267.94
2023-04-12,2023-04-12,Vehicle Maintenance expense,REF35115998,182.74,0.0,241085.2
2023-04-13,2023-04-13,Tools expense,REF27509337,97.08,0.0,240988.12
2023-04-14,2023-04-14,Fuel purchase,REF18705973,338.89,0.0,240649.23
2023-04-14,2023-04-14,Business materials,REF78942937,1079.95,0.0,239569.28
2023-04-15,2023-04-15,Business insurance premium,REF85736276,249.75,0.0,239319.53
2023-04-15,2023-04-15,"Service payment - Morris, Huynh and Moody",REF35366273,0.0,1500.64,240820.17
2023-04-15,2023-04-15,Project payment - Hernandez Inc,REF82279317,0.0,1024.94,241845.11
2023-04-15,2023-04-15,Payment from Schwartz-King,REF21221168,0.0,1385.16,243230.27
2023-04-15,2023-04-15,"Service payment - Gardner, Erickson and King",REF53542634,0.0,882.8,244113.07
2023-04-15,2023-04-15,"Payment from Taylor, Owens and Dickson",REF52419123,0.0,1397.58,245510.65
2023-04-16,2023-04-16,Subcontractors expense,REF62779840,908.69,0.0,244601.96
2023-04-17,2023-04-17,Tools expense,REF21201857,145.14,0.0,244456.82
2023-04-17,2023-04-17,Equipment Rental expense,REF39052987,604.23,0.0,243852.59
2023-04-21,2023-04-21,Equipment Rental expense,REF12738540,557.03,0.0,243295.56
2023-04-21,2023-04-21,Fuel purchase,REF58835767,210.19,0.0,243085.37
2023-04-28,2023-04-28,Tools expense,REF40019547,184.73,0.0,242900.64
2023-04-30,2023-04-30,"Project payment - Morris, Huynh and Moody",REF72149191,0.0,1349.95,244250.59
2023-04-30,2023-04-30,Invoice payment - Hernandez Inc,REF77396475,0.0,1147.68,245398.27
2023-04-30,2023-04-30,"Invoice payment - Taylor, Owens and Dickson",REF70413097,0.0,1429.94,246828.21
2023-04-30,2023-04-30,Project payment - Schwartz-King,REF49114912,0.0,1545.23,248373.44
2023-05-02,2023-05-02,Fuel purchase,REF89204371,330.23,0.0,248043.21
2023-05-06,2023-05-06,Tools expense,REF78147422,102.67,0.0,247940.54
2023-05-07,2023-05-07,Business materials,REF95307851,1030.45,0.0,246910.09
2023-05-15,2023-05-15,Business insurance premium,REF64780584,260.37,0.0,246649.72
2023-05-15,2023-05-15,Project payment - Hernandez Inc,REF94515104,0.0,1091.12,247740.84
2023-05-15,2023-05-15,"Project payment - Taylor, Owens and Dickson",REF11495772,0.0,1319.61,249060.45
2023-05-15,2023-05-15,Payment from Schwartz-King,REF44704907,0.0,2105.76,251166.21
2023-05-15,2023-05-15,"Project payment - Gardner, Erickson and King",REF76816176,0.0,929.81,252096.02
2023-05-15,2023-05-15,"Invoice payment - Morris, Huynh and Moody",REF54932398,0.0,1785.93,253881.95
2023-05-21,2023-05-21,Subcontractors expense,REF91619040,1654.23,0.0,252227.72
2023-05-22,2023-05-22,Permits Licenses expense,REF45804752,122.05,0.0,252105.67
2023-05-25,2023-05-25,Business materials,REF90062472,1237.96,0.0,250867.71
2023-05-25,2023-05-25,Subcontractors expense,REF30707104,1557.12,0.0,249310.59
2023-05-27,2023-05-27,Permits Licenses expense,REF93608413,138.88,0.0,249171.71
2023-05-27,2023-05-27,Subcontractors expense,REF48404111,1388.21,0.0,247783.5
2023-05-27,2023-05-27,Business materials,REF48960242,800.37,0.0,246983.13
2023-05-28,2023-05-28,Vehicle Maintenance expense,REF28221507,181.47,0.0,246801.66
2023-05-29,2023-05-29,Permits Licenses expense,REF99581180,145.15,0.0,246656.51
2023-05-30,2023-05-30,Service payment - Hernandez Inc,REF55289456,0.0,920.52,247577.03
2023-05-30,2023-05-30,"Project payment - Taylor, Owens and Dickson",REF80022862,0.0,1785.54,249362.57
2023-05-30,2023-05-30,Invoice payment - Schwartz-King,REF11387726,0.0,1819.06,251181.63
2023-05-30,2023-05-30,"Invoice payment - Gardner, Erickson and King",REF83504371,0.0,942.23,252123.86
2023-05-30,2023-05-30,"Invoice payment - Morris, Huynh and Moody",REF51668715,0.0,1767.25,253891.11
2023-06-02,2023-06-02,Fuel purchase,REF29178135,448.12,0.0,253442.99
2023-06-03,2023-06-03,Fuel purchase,REF10377547,353.5,0.0,253089.49
2023-06-04,2023-06-04,Vehicle Maintenance expense,REF23939671,246.89,0.0,252842.6
2023-06-05,2023-06-05,Fuel purchase,REF52319575,312.97,0.0,252529.63
2023-06-06,2023-06-06,Business materials,REF34417214,898.58,0.0,251631.05
2023-06-08,2023-06-08,Equipment Rental expense,REF47309901,523.0,0.0,251108.05
2023-06-09,2023-06-09,Safety Equipment expense,REF24975937,128.96,0.0,250979.09
2023-06-12,2023-06-12,Equipment Rental expense,REF22773273,460.24,0.0,250518.85
2023-06-14,2023-06-14,Vehicle Maintenance expense,REF75401410,178.24,0.0,250340.61
2023-06-14,2023-06-14,Permits Licenses expense,REF68825480,93.87,0.0,250246.74
2023-06-15,2023-06-15,"Payment from Taylor, Owens and Dickson",REF97773195,0.0,1806.48,252053.22
2023-06-15,2023-06-15,Invoice payment - Schwartz-King,REF61515294,0.0,2181.3,254234.52
2023-06-15,2023-06-15,"Payment from Gardner, Erickson and King",REF17308106,0.0,1109.9,255344.42
2023-06-15,2023-06-15,Payment from Hernandez Inc,REF86060973,0.0,1111.04,256455.46
2023-06-15,2023-06-15,Business insurance premium,REF72254236,249.17,0.0,256206.29
2023-06-16,2023-06-16,Business materials,REF67550438,839.09,0.0,255367.2
2023-06-21,2023-06-21,Business materials,REF19666039,1343.55,0.0,254023.65
2023-06-22,2023-06-22,Vehicle Maintenance expense,REF92967170,118.32,0.0,253905.33
2023-06-25,2023-06-25,Subcontractors expense,REF50508390,1467.7,0.0,252437.63
2023-06-30,2023-06-30,Service payment - Schwartz-King,REF24720050,0.0,1743.16,254180.79
2023-06-30,2023-06-30,Fuel purchase,REF22419813,277.99,0.0,253902.8
2023-06-30,2023-06-30,Business materials,REF86777311,680.47,0.0,253222.33
2023-06-30,2023-06-30,"Invoice payment - Taylor, Owens and Dickson",REF45896426,0.0,2023.49,255245.82
2023-06-30,2023-06-30,"Payment from Gardner, Erickson and King",REF49566053,0.0,1031.55,256277.37
2023-07-01,2023-07-01,Fuel purchase,REF14214396,372.29,0.0,255905.08
2023-07-03,2023-07-03,Subcontractors expense,REF83114606,1407.31,0.0,254497.77
2023-07-03,2023-07-03,Business materials,REF71126950,1085.79,0.0,253411.98
2023-07-04,2023-07-04,Permits Licenses expense,REF46826442,104.04,0.0,253307.94
2023-07-06,2023-07-06,Vehicle Maintenance expense,REF72197613,168.64,0.0,253139.3
2023-07-06,2023-07-06,Business materials,REF39020832,1147.68,0.0,251991.62
2023-07-09,2023-07-09,Subcontractors expense,REF85752741,1392.04,0.0,250599.58
2023-07-12,2023-07-12,Fuel purchase,REF91380149,123.59,0.0,250475.99
2023-07-13,2023-07-13,Permits Licenses expense,REF11840159,49.95,0.0,250426.04
2023-07-14,2023-07-14,Subcontractors expense,REF53412910,1178.88,0.0,249247.16
2023-07-14,2023-07-14,Fuel purchase,REF65530483,451.17,0.0,248795.99
2023-07-15,2023-07-15,Business insurance premium,REF76215727,262.26,0.0,248533.73
2023-07-15,2023-07-15,Payment from Hernandez Inc,REF72134497,0.0,1032.39,249566.12
2023-07-15,2023-07-15,"Invoice payment - Morris, Huynh and Moody",REF94177008,0.0,1362.1,250928.22
2023-07-15,2023-07-15,Invoice payment - Schwartz-King,REF26975045,0.0,1149.18,252077.4
2023-07-15,2023-07-15,"Service payment - Taylor, Owens and Dickson",REF83226518,0.0,1045.71,253123.11
2023-07-15,2023-07-15,"Invoice payment - Gardner, Erickson and King",REF85128696,0.0,928.78,254051.89
2023-07-21,2023-07-21,Subcontractors expense,REF64039366,1218.5,0.0,252833.39
2023-07-23,2023-07-23,Business materials,REF19566889,1285.59,0.0,251547.8
2023-07-26,2023-07-26,Subcontractors expense,REF15927974,1308.48,0.0,250239.32
2023-07-28,2023-07-28,Fuel purchase,REF66095472,251.53,0.0,249987.79
2023-07-29,2023-07-29,Fuel purchase,REF56895825,254.97,0.0,249732.82
2023-07-29,2023-07-29,Tools expense,REF26909868,159.24,0.0,249573.58
2023-07-29,2023-07-29,Subcontractors expense,REF78151592,1155.75,0.0,248417.83
2023-07-30,2023-07-30,"Service payment - Gardner, Erickson and King",REF11010145,0.0,868.23,249286.06
2023-07-30,2023-07-30,"Project payment - Taylor, Owens and Dickson",REF31601779,0.0,1464.36,250750.42
2023-07-30,2023-07-30,Service payment - Schwartz-King,REF62034297,0.0,1437.14,252187.56
2023-07-30,2023-07-30,"Invoice payment - Morris, Huynh and Moody",REF51441443,0.0,1189.34,253376.9
2023-07-30,2023-07-30,Invoice payment - Hernandez Inc,REF54608763,0.0,759.5,254136.4
2023-08-07,2023-08-07,Business materials,REF17540739,1230.62,0.0,252905.78
2023-08-07,2023-08-07,Safety Equipment expense,REF25588878,109.92,0.0,252795.86
2023-08-08,2023-08-08,Vehicle Maintenance expense,REF34836024,216.42,0.0,252579.44
2023-08-14,2023-08-14,Business materials,REF63807422,1078.83,0.0,251500.61
2023-08-15,2023-08-15,Business insurance premium,REF17808721,251.11,0.0,251249.5
2023-08-15,2023-08-15,Service payment - Hernandez Inc,REF57271481,0.0,841.84,252091.34
2023-08-15,2023-08-15,"Project payment - Taylor, Owens and Dickson",REF28249386,0.0,1728.43,253819.77
2023-08-15,2023-08-15,Equipment Rental expense,REF86081670,510.88,0.0,253308.89
2023-08-15,2023-08-15,Service payment - Schwartz-King,REF89460048,0.0,1790.71,255099.6
2023-08-15,2023-08-15,"Invoice payment - Morris, Huynh and Moody",REF80066101,0.0,1453.29,256552.89
2023-08-18,2023-08-18,Subcontractors expense,REF26657584,2131.41,0.0,254421.48
2023-08-21,2023-08-21,Business materials,REF55735403,569.5,0.0,253851.98
2023-08-21,2023-08-21,Vehicle Maintenance expense,REF25629452,219.97,0.0,253632.01
2023-08-23,2023-08-23,Business materials,REF14824807,1310.89,0.0,252321.12
2023-08-30,2023-08-30,Project payment - Schwartz-King,REF77769338,0.0,1533.17,253854.29
2023-08-30,2023-08-30,Payment from Hernandez Inc,REF74351830,0.0,1056.51,254910.8
2023-08-30,2023-08-30,"Project payment - Morris, Huynh and Moody",REF80653861,0.0,1384.47,256295.27
2023-08-30,2023-08-30,"Project payment - Gardner, Erickson and King",REF88132533,0.0,921.73,257217.0
2023-08-30,2023-08-30,"Payment from Taylor, Owens and Dickson",REF10568574,0.0,1608.8,258825.8
2023-08-31,2023-08-31,Fuel purchase,REF90495877,436.59,0.0,258389.21
2023-09-01,2023-09-01,Permits Licenses expense,REF52592519,90.3,0.0,258298.91
2023-09-05,2023-09-05,Business materials,REF50936995,841.46,0.0,257457.45
2023-09-14,2023-09-14,Business materials,REF71480122,874.28,0.0,256583.17
2023-09-15,2023-09-15,Business insurance premium,REF49867195,204.44,0.0,256378.73
2023-09-15,2023-09-15,"Payment from Gardner, Erickson and King",REF34923553,0.0,1080.77,257459.5
2023-09-15,2023-09-15,Project payment - Schwartz-King,REF49427684,0.0,1545.88,259005.38
2023-09-15,2023-09-15,Fuel purchase,REF65012655,352.22,0.0,258653.16
2023-09-15,2023-09-15,"Project payment - Morris, Huynh and Moody",REF19815014,0.0,1310.18,259963.34
2023-09-15,2023-09-15,"Service payment - Taylor, Owens and Dickson",REF88431818,0.0,1293.83,261257.17
2023-09-15,2023-09-15,Project payment - Hernandez Inc,REF49016087,0.0,1075.93,262333.1
2023-09-19,2023-09-19,Fuel purchase,REF99448949,414.33,0.0,261918.77
2023-09-20,2023-09-20,Fuel purchase,REF27763784,275.65,0.0,261643.12
2023-09-22,2023-09-22,Permits Licenses expense,REF61438504,96.82,0.0,261546.3
2023-09-25,2023-09-25,Equipment Rental expense,REF50930438,600.95,0.0,260945.35
2023-09-26,2023-09-26,Fuel purchase,REF91961094,345.05,0.0,260600.3
2023-09-30,2023-09-30,Fuel purchase,REF11550421,420.78,0.0,260179.52
2023-09-30,2023-09-30,"Payment from Morris, Huynh and Moody",REF18810276,0.0,1413.4,261592.92
2023-09-30,2023-09-30,"Project payment - Taylor, Owens and Dickson",REF29197204,0.0,1360.08,262953.0
2023-09-30,2023-09-30,"Service payment - Gardner, Erickson and King",REF74699063,0.0,957.8,263910.8
2023-09-30,2023-09-30,Payment from Hernandez Inc,REF29167924,0.0,975.67,264886.47
2023-09-30,2023-09-30,Invoice payment - Schwartz-King,REF42380458,0.0,1441.22,266327.69
2023-10-05,2023-10-05,Tools expense,REF51703236,142.6,0.0,266185.09
2023-10-08,2023-10-08,Subcontractors expense,REF82318770,1400.37,0.0,264784.72
2023-10-12,2023-10-12,Tools expense,REF42062075,114.9,0.0,264669.82
2023-10-13,2023-10-13,Vehicle Maintenance expense,REF34538984,161.85,0.0,264507.97
2023-10-15,2023-10-15,Business insurance premium,REF32015460,206.55,0.0,264301.42
2023-10-15,2023-10-15,"Payment from Gardner, Erickson and King",REF24270734,0.0,867.09,265168.51
2023-10-15,2023-10-15,Fuel purchase,REF64404694,214.39,0.0,264954.12
2023-10-15,2023-10-15,"Service payment - Morris, Huynh and Moody",REF17496985,0.0,658.73,265612.85
2023-10-15,2023-10-15,Invoice payment - Schwartz-King,REF10986431,0.0,862.99,266475.84
2023-10-18,2023-10-18,Safety Equipment expense,REF96775048,63.72,0.0,266412.12
2023-10-19,2023-10-19,Subcontractors expense,REF51752799,1456.51,0.0,264955.61
2023-10-19,2023-10-19,Tools expense,REF34657365,88.9,0.0,264866.71
2023-10-20,2023-10-20,Fuel purchase,REF15209685,254.96,0.0,264611.75
2023-10-21,2023-10-21,Business materials,REF97523125,574.37,0.0,264037.38
2023-10-22,2023-10-22,Subcontractors expense,REF72070330,1041.96,0.0,262995.42
2023-10-28,2023-10-28,Vehicle Maintenance expense,REF40661996,219.1,0.0,262776.32
2023-10-29,2023-10-29,Tools expense,REF64380224,152.91,0.0,262623.41
2023-10-30,2023-10-30,Invoice payment - Schwartz-King,REF54385753,0.0,1227.37,263850.78
2023-10-30,2023-10-30,"Project payment - Gardner, Erickson and King",REF63767417,0.0,693.76,264544.54
2023-10-30,2023-10-30,"Service payment - Taylor, Owens and Dickson",REF37717048,0.0,1279.3,265823.84
2023-10-30,2023-10-30,"Project payment - Morris, Huynh and Moody",REF78950045,0.0,1171.39,266995.23
2023-10-30,2023-10-30,Service payment - Hernandez Inc,REF43738361,0.0,854.92,267850.15
2023-11-01,2023-11-01,Business materials,REF77759795,492.69,0.0,267357.46
2023-11-03,2023-11-03,Subcontractors expense,REF80636098,483.64,0.0,266873.82
2023-11-07,2023-11-07,Business materials,REF48394121,492.67,0.0,266381.15
2023-11-07,2023-11-07,Vehicle Maintenance expense,REF63106320,115.49,0.0,266265.66
2023-11-08,2023-11-08,Fuel purchase,REF27659180,231.69,0.0,266033.97
2023-11-09,2023-11-09,Safety Equipment expense,REF59584946,65.29,0.0,265968.68
2023-11-09,2023-11-09,Fuel purchase,REF80960703,377.21,0.0,265591.47
2023-11-10,2023-11-10,Safety Equipment expense,REF31021702,44.28,0.0,265547.19
2023-11-14,2023-11-14,Tools expense,REF21866030,54.53,0.0,265492.66
2023-11-15,2023-11-15,Business insurance premium,REF27617416,168.6,0.0,265324.06
2023-11-15,2023-11-15,"Project payment - Morris, Huynh and Moody",REF53679432,0.0,725.73,266049.79
2023-11-15,2023-11-15,Service payment - Schwartz-King,REF57817097,0.0,1223.06,267272.85
2023-11-15,2023-11-15,"Service payment - Gardner, Erickson and King",REF76304839,0.0,552.22,267825.07
2023-11-15,2023-11-15,"Project payment - Taylor, Owens and Dickson",REF46328475,0.0,844.01,268669.08
2023-11-30,2023-11-30,Business materials,REF68736264,697.57,0.0,267971.51
2023-11-30,2023-11-30,"Payment from Gardner, Erickson and King",REF17940628,0.0,624.88,268596.39
2023-11-30,2023-11-30,"Project payment - Taylor, Owens and Dickson",REF25915837,0.0,1058.88,269655.27
2023-11-30,2023-11-30,Invoice payment - Hernandez Inc,REF85302777,0.0,752.74,270408.01
2023-11-30,2023-11-30,"Invoice payment - Morris, Huynh and Moody",REF76024691,0.0,722.46,271130.47
2023-11-30,2023-11-30,Fuel purchase,REF96472693,181.54,0.0,270948.93
2023-11-30,2023-11-30,Invoice payment - Schwartz-King,REF97774224,0.0,988.61,271937.54
2023-12-05,2023-12-05,Business materials,REF25886960,682.73,0.0,271254.81
2023-12-09,2023-12-09,Equipment Rental expense,REF84137635,330.24,0.0,270924.57
2023-12-09,2023-12-09,Fuel purchase,REF53566995,203.68,0.0,270720.89
2023-12-14,2023-12-14,Vehicle Maintenance expense,REF34674607,66.45,0.0,270654.44
2023-12-14,2023-12-14,Fuel purchase,REF58009258,220.62,0.0,270433.82
2023-12-15,2023-12-15,Project payment - Hernandez Inc,REF95487480,0.0,620.52,271054.34
2023-12-15,2023-12-15,Project payment - Schwartz-King,REF89319841,0.0,512.54,271566.88
2023-12-15,2023-12-15,"Project payment - Gardner, Erickson and King",REF59422202,0.0,505.32,272072.2
2023-12-15,2023-12-15,"Service payment - Morris, Huynh and Moody",REF71803865,0.0,713.33,272785.53
2023-12-15,2023-12-15,Business insurance premium,REF84590505,115.75,0.0,272669.78
2023-12-15,2023-12-15,Fuel purchase,REF74260964,194.36,0.0,272475.42
2023-12-15,2023-12-15,Business materials,REF23506424,518.73,0.0,271956.69
2023-12-16,2023-12-16,Business materials,REF71349355,466.14,0.0,271490.55
2023-12-17,2023-12-17,Equipment Rental expense,REF99444597,199.37,0.0,271291.18
2023-12-17,2023-12-17,Fuel purchase,REF88416098,121.12,0.0,271170.06
2023-12-20,2023-12-20,Fuel purchase,REF39758326,235.82,0.0,270934.24
2023-12-22,2023-12-22,Equipment Rental expense,REF37988293,262.46,0.0,270671.78
2023-12-30,2023-12-30,"Service payment - Morris, Huynh and Moody",REF85211704,0.0,808.24,271480.02
2023-12-30,2023-12-30,Payment from Hernandez Inc,REF41156962,0.0,611.02,272091.04
2023-12-30,2023-12-30,"Invoice payment - Gardner, Erickson and King",REF32295686,0.0,432.47,272523.51
2023-12-30,2023-12-30,"Project payment - Taylor, Owens and Dickson",REF13752628,0.0,785.77,273309.28
2023-12-30,2023-12-30,Invoice payment - Schwartz-King,REF97871560,0.0,979.6,274288.88
2023-12-31,2023-12-31,Equipment Rental expense,REF42951779,206.24,0.0,274082.64
2024-01-01,2024-01-01,Equipment Rental expense,REF90443336,324.29,0.0,273758.35
2024-01-01,2024-01-01,Fuel purchase,REF36709480,349.94,0.0,273408.41
2024-01-03,2024-01-03,Subcontractors expense,REF15944435,942.19,0.0,272466.22
2024-01-09,2024-01-09,Business materials,REF53665804,576.0,0.0,271890.22
2024-01-10,2024-01-10,Vehicle Maintenance expense,REF86636146,105.14,0.0,271785.08
2024-01-15,2024-01-15,Equipment Rental expense,REF15104853,463.59,0.0,271321.49
2024-01-15,2024-01-15,Business insurance premium,REF65541797,126.73,0.0,271194.76
2024-01-15,2024-01-15,Invoice payment - Hernandez Inc,REF85972268,0.0,675.01,271869.77
2024-01-15,2024-01-15,"Service payment - Morris, Huynh and Moody",REF85537826,0.0,814.6,272684.37
2024-01-15,2024-01-15,"Project payment - Taylor, Owens and Dickson",REF26569750,0.0,871.46,273555.83
2024-01-15,2024-01-15,"Payment from Gardner, Erickson and King",REF11003529,0.0,592.75,274148.58
2024-01-20,2024-01-20,Subcontractors expense,REF30305687,806.51,0.0,273342.07
2024-01-21,2024-01-21,Safety Equipment expense,REF19858616,67.63,0.0,273274.44
2024-01-22,2024-01-22,Business materials,REF61079133,587.98,0.0,272686.46
2024-01-23,2024-01-23,Business materials,REF12587173,587.57,0.0,272098.89
2024-01-25,2024-01-25,Tools expense,REF75251982,50.16,0.0,272048.73
2024-01-26,2024-01-26,Business materials,REF45882199,636.06,0.0,271412.67
2024-01-27,2024-01-27,Business materials,REF68468715,699.96,0.0,270712.71
2024-01-30,2024-01-30,Project payment - Hernandez Inc,REF13913694,0.0,543.55,271256.26
2024-01-30,2024-01-30,Payment from Schwartz-King,REF13852438,0.0,845.83,272102.09
2024-01-30,2024-01-30,"Project payment - Morris, Huynh and Moody",REF60312613,0.0,883.03,272985.12
2024-01-30,2024-01-30,"Service payment - Taylor, Owens and Dickson",REF88339111,0.0,916.72,273901.84
2024-02-03,2024-02-03,Fuel purchase,REF28987599,54.02,0.0,273847.82
2024-02-06,2024-02-06,Permits Licenses expense,REF93164782,47.16,0.0,273800.66
2024-02-10,2024-02-10,Subcontractors expense,REF12209950,498.29,0.0,273302.37
2024-02-15,2024-02-15,Fuel purchase,REF21016458,239.87,0.0,273062.5
2024-02-15,2024-02-15,Business materials,REF71509936,992.23,0.0,272070.27
2024-02-15,2024-02-15,"Invoice payment - Morris, Huynh and Moody",REF28636446,0.0,1017.32,273087.59
2024-02-15,2024-02-15,"Payment from Taylor, Owens and Dickson",REF13263630,0.0,1147.39,274234.98
2024-02-15,2024-02-15,Business insurance premium,REF74853492,160.57,0.0,274074.41
2024-02-15,2024-02-15,Project payment - Schwartz-King,REF40381565,0.0,800.86,274875.27
2024-02-15,2024-02-15,Invoice payment - Hernandez Inc,REF13630702,0.0,741.87,275617.14
2024-02-16,2024-02-16,Business materials,REF21878606,489.48,0.0,275127.66
2024-02-18,2024-02-18,Fuel purchase,REF42714881,180.21,0.0,274947.45
2024-02-21,2024-02-21,Permits Licenses expense,REF70564898,61.73,0.0,274885.72
2024-02-25,2024-02-25,Equipment Rental expense,REF22983280,389.68,0.0,274496.04
2024-02-28,2024-02-28,Service payment - Hernandez Inc,REF10106020,0.0,767.34,275263.38
2024-02-28,2024-02-28,"Service payment - Gardner, Erickson and King",REF42222219,0.0,530.17,275793.55
2024-02-28,2024-02-28,"Payment from Morris, Huynh and Moody",REF73817235,0.0,1007.15,276800.7
2024-02-28,2024-02-28,Service payment - Schwartz-King,REF76906927,0.0,1104.75,277905.45
2024-02-28,2024-02-28,"Project payment - Taylor, Owens and Dickson",REF76375093,0.0,889.57,278795.02
2024-02-28,2024-02-28,Business materials,REF68054243,355.89,0.0,278439.13
2024-03-05,2024-03-05,Tools expense,REF62785728,48.94,0.0,278390.19
2024-03-06,2024-03-06,Fuel purchase,REF56791520,218.87,0.0,278171.32
2024-03-08,2024-03-08,Equipment Rental expense,REF67183489,296.82,0.0,277874.5
2024-03-09,2024-03-09,Fuel purchase,REF40864413,354.74,0.0,277519.76
2024-03-15,2024-03-15,Business insurance premium,REF90364646,201.53,0.0,277318.23
2024-03-15,2024-03-15,"Service payment - Gardner, Erickson and King",REF30252479,0.0,596.14,277914.37
2024-03-15,2024-03-15,"Project payment - Taylor, Owens and Dickson",REF54291013,0.0,1059.75,278974.12
2024-03-15,2024-03-15,"Project payment - Morris, Huynh and Moody",REF53650317,0.0,1266.76,280240.88
2024-03-15,2024-03-15,Service payment - Schwartz-King,REF70462692,0.0,1172.53,281413.41
2024-03-15,2024-03-15,Invoice payment - Hernandez Inc,REF35153320,0.0,747.82,282161.23
2024-03-21,2024-03-21,Tools expense,REF44690110,50.17,0.0,282111.06
2024-03-22,2024-03-22,Permits Licenses expense,REF80157023,91.41,0.0,282019.65
2024-03-26,2024-03-26,Subcontractors expense,REF48499229,917.93,0.0,281101.72
2024-03-26,2024-03-26,Fuel purchase,REF48965198,184.47,0.0,280917.25
2024-03-29,2024-03-29,Fuel purchase,REF51248624,347.24,0.0,280570.01
2024-03-30,2024-03-30,"Payment from Morris, Huynh and Moody",REF70199397,0.0,1269.67,281839.68
2024-03-30,2024-03-30,"Invoice payment - Taylor, Owens and Dickson",REF30321526,0.0,1082.51,282922.19
2024-03-30,2024-03-30,Invoice payment - Hernandez Inc,REF61225243,0.0,748.9,283671.09
2024-03-30,2024-03-30,Service payment - Schwartz-King,REF98457023,0.0,1585.51,285256.6
2024-03-30,2024-03-30,"Payment from Gardner, Erickson and King",REF78650674,0.0,739.75,285996.35
2024-04-05,2024-04-05,Fuel purchase,REF29357045,463.82,0.0,285532.53
2024-04-05,2024-04-05,Permits Licenses expense,REF35100019,87.66,0.0,285444.87
2024-04-06,2024-04-06,Equipment Rental expense,REF34249564,358.58,0.0,285086.29
2024-04-08,2024-04-08,Permits Licenses expense,REF94245359,98.37,0.0,284987.92
2024-04-08,2024-04-08,Tools expense,REF87252710,106.5,0.0,284881.42
2024-04-13,2024-04-13,Equipment Rental expense,REF63769339,518.88,0.0,284362.54
2024-04-13,2024-04-13,Vehicle Maintenance expense,REF74860419,151.81,0.0,284210.73
2024-04-15,2024-04-15,"Payment from Morris, Huynh and Moody",REF95838419,0.0,1575.78,285786.51
2024-04-15,2024-04-15,"Service payment - Taylor, Owens and Dickson",REF81541408,0.0,1627.05,287413.56
2024-04-15,2024-04-15,Invoice payment - Schwartz-King,REF76811087,0.0,1516.84,288930.4
2024-04-15,2024-04-15,Business insurance premium,REF36926498,227.09,0.0,288703.31
2024-04-15,2024-04-15,"Service payment - Gardner, Erickson and King",REF41564493,0.0,1114.65,289817.96
2024-04-21,2024-04-21,Fuel purchase,REF22004081,395.76,0.0,289422.2
2024-04-22,2024-04-22,Tools expense,REF99160196,90.72,0.0,289331.48
2024-04-23,2024-04-23,Business materials,REF64188962,899.89,0.0,288431.59
2024-04-24,2024-04-24,Tools expense,REF17846213,84.12,0.0,288347.47
2024-04-25,2024-04-25,Equipment Rental expense,REF14097394,320.26,0.0,288027.21
2024-04-29,2024-04-29,Permits Licenses expense,REF51249055,126.58,0.0,287900.63
2024-04-30,2024-04-30,"Invoice payment - Morris, Huynh and Moody",REF96328943,0.0,1649.97,289550.6
2024-04-30,2024-04-30,"Invoice payment - Gardner, Erickson and King",REF97626208,0.0,883.03,290433.63
2024-04-30,2024-04-30,"Payment from Taylor, Owens and Dickson",REF11167223,0.0,1694.44,292128.07
2024-04-30,2024-04-30,Invoice payment - Hernandez Inc,REF76463439,0.0,1176.43,293304.5
2024-04-30,2024-04-30,Permits Licenses expense,REF21876096,110.1,0.0,293194.4
2024-05-02,2024-05-02,Business materials,REF55105756,1475.35,0.0,291719.05
2024-05-03,2024-05-03,Fuel purchase,REF66466556,308.21,0.0,291410.84
2024-05-04,2024-05-04,Fuel purchase,REF82709419,521.41,0.0,290889.43
2024-05-14,2024-05-14,Equipment Rental expense,REF44281651,410.78,0.0,290478.65
2024-05-15,2024-05-15,"Payment from Taylor, Owens and Dickson",REF36271248,0.0,1593.82,292072.47
2024-05-15,2024-05-15,Business insurance premium,REF94886618,264.41,0.0,291808.06
2024-05-15,2024-05-15,"Service payment - Morris, Huynh and Moody",REF74987243,0.0,1724.36,293532.42
2024-05-15,2024-05-15,"Invoice payment - Gardner, Erickson and King",REF39752701,0.0,832.4,294364.82
2024-05-15,2024-05-15,Invoice payment - Schwartz-King,REF43005810,0.0,1421.4,295786.22
2024-05-15,2024-05-15,Service payment - Hernandez Inc,REF44859640,0.0,786.54,296572.76
2024-05-16,2024-05-16,Fuel purchase,REF35262690,506.96,0.0,296065.8
2024-05-17,2024-05-17,Fuel purchase,REF72156415,468.87,0.0,295596.93
2024-05-18,2024-05-18,Business materials,REF57429195,1271.75,0.0,294325.18
2024-05-20,2024-05-20,Permits Licenses expense,REF52332230,88.52,0.0,294236.66
2024-05-22,2024-05-22,Equipment Rental expense,REF98401519,263.87,0.0,293972.79
2024-05-23,2024-05-23,Business materials,REF20340100,1227.16,0.0,292745.63
2024-05-25,2024-05-25,Business materials,REF37646573,962.66,0.0,291782.97
2024-05-29,2024-05-29,Equipment Rental expense,REF62449622,336.61,0.0,291446.36
2024-05-30,2024-05-30,Service payment - Hernandez Inc,REF58796991,0.0,871.06,292317.42
2024-05-30,2024-05-30,Payment from Schwartz-King,REF86857954,0.0,2316.79,294634.21
2024-05-30,2024-05-30,"Payment from Morris, Huynh and Moody",REF47570455,0.0,1106.9,295741.11
2024-05-30,2024-05-30,Safety Equipment expense,REF33574662,84.92,0.0,295656.19
2024-05-30,2024-05-30,"Service payment - Gardner, Erickson and King",REF64749182,0.0,751.04,296407.23
2024-05-31,2024-05-31,Safety Equipment expense,REF24708769,128.86,0.0,296278.37
2024-06-04,2024-06-04,Subcontractors expense,REF52872393,985.57,0.0,295292.8
2024-06-05,2024-06-05,Vehicle Maintenance expense,REF98426493,271.58,0.0,295021.22
2024-06-05,2024-06-05,Equipment Rental expense,REF95932210,421.05,0.0,294600.17
2024-06-10,2024-06-10,Tools expense,REF40196000,109.95,0.0,294490.22
2024-06-12,2024-06-12,Subcontractors expense,REF24373858,1088.19,0.0,293402.03
2024-06-13,2024-06-13,Fuel purchase,REF88306670,528.16,0.0,292873.87
2024-06-15,2024-06-15,Vehicle Maintenance expense,REF94910272,138.51,0.0,292735.36
2024-06-15,2024-06-15,"Service payment - Taylor, Owens and Dickson",REF99784001,0.0,1469.18,294204.54
2024-06-15,2024-06-15,Fuel purchase,REF93476705,412.45,0.0,293792.09
2024-06-15,2024-06-15,Project payment - Schwartz-King,REF91824812,0.0,2353.73,296145.82
2024-06-15,2024-06-15,"Payment from Gardner, Erickson and King",REF13253963,0.0,968.54,297114.36
2024-06-15,2024-06-15,"Invoice payment - Morris, Huynh and Moody",REF82041528,0.0,1270.23,298384.59
2024-06-15,2024-06-15,Business insurance premium,REF80900594,253.36,0.0,298131.23
2024-06-17,2024-06-17,Equipment Rental expense,REF66762650,612.31,0.0,297518.92
2024-06-24,2024-06-24,Vehicle Maintenance expense,REF37654382,131.07,0.0,297387.85
2024-06-24,2024-06-24,Permits Licenses expense,REF55854071,105.46,0.0,297282.39
2024-06-26,2024-06-26,Business materials,REF88990344,1185.53,0.0,296096.86
2024-06-30,2024-06-30,"Payment from Gardner, Erickson and King",REF76598657,0.0,1046.49,297143.35
2024-06-30,2024-06-30,Service payment - Hernandez Inc,REF41294449,0.0,1108.3,298251.65
2024-06-30,2024-06-30,"Project payment - Morris, Huynh and Moody",REF26648596,0.0,1582.34,299833.99
2024-06-30,2024-06-30,"Project payment - Taylor, Owens and Dickson",REF29428837,0.0,1603.41,301437.4
2024-06-30,2024-06-30,Service payment - Schwartz-King,REF24927067,0.0,2528.59,303965.99
2024-07-06,2024-07-06,Subcontractors expense,REF40428105,941.48,0.0,303024.51
2024-07-11,2024-07-11,Tools expense,REF36980961,175.4,0.0,302849.11
2024-07-13,2024-07-13,Subcontractors expense,REF10183453,593.51,0.0,302255.6
2024-07-15,2024-07-15,Project payment - Schwartz-King,REF95836901,0.0,1563.52,303819.12
2024-07-15,2024-07-15,"Service payment - Gardner, Erickson and King",REF48844047,0.0,871.0,304690.12
2024-07-15,2024-07-15,Payment from Hernandez Inc,REF23937076,0.0,1012.68,305702.8
2024-07-15,2024-07-15,Business insurance premium,REF10717761,254.28,0.0,305448.52
2024-07-15,2024-07-15,"Project payment - Morris, Huynh and Moody",REF64411954,0.0,1562.42,307010.94
2024-07-18,2024-07-18,Vehicle Maintenance expense,REF92742515,162.17,0.0,306848.77
2024-07-18,2024-07-18,Tools expense,REF85189136,84.85,0.0,306763.92
2024-07-26,2024-07-26,Tools expense,REF72652530,84.87,0.0,306679.05
2024-07-27,2024-07-27,Business materials,REF11096071,791.08,0.0,305887.97
2024-07-30,2024-07-30,"Payment from Morris, Huynh and Moody",REF94876717,0.0,1408.59,307296.56
2024-07-30,2024-07-30,Payment from Schwartz-King,REF84817321,0.0,1801.1,309097.66
2024-07-30,2024-07-30,"Payment from Gardner, Erickson and King",REF11133704,0.0,1091.24,310188.9
2024-07-30,2024-07-30,Invoice payment - Hernandez Inc,REF45209929,0.0,955.16,311144.06
2024-08-02,2024-08-02,Tools expense,REF14207997,74.05,0.0,311070.01
2024-08-03,2024-08-03,Subcontractors expense,REF87938049,480.69,0.0,310589.32
2024-08-04,2024-08-04,Business materials,REF50705942,992.74,0.0,309596.58
2024-08-04,2024-08-04,Vehicle Maintenance expense,REF52465598,137.03,0.0,309459.55
2024-08-06,2024-08-06,Equipment Rental expense,REF33821622,402.24,0.0,309057.31
2024-08-11,2024-08-11,Equipment Rental expense,REF15557737,440.45,0.0,308616.86
2024-08-15,2024-08-15,"Invoice payment - Morris, Huynh and Moody",REF73522113,0.0,1418.01,310034.87
2024-08-15,2024-08-15,"Payment from Gardner, Erickson and King",REF37705071,0.0,958.72,310993.59
2024-08-15,2024-08-15,Service payment - Schwartz-King,REF89911098,0.0,1623.46,312617.05
2024-08-15,2024-08-15,Fuel purchase,REF48993085,421.97,0.0,312195.08
2024-08-15,2024-08-15,Service payment - Hernandez Inc,REF75781677,0.0,971.62,313166.7
2024-08-15,2024-08-15,Business insurance premium,REF80984270,221.44,0.0,312945.26
2024-08-30,2024-08-30,"Payment from Morris, Huynh and Moody",REF69568400,0.0,1169.43,314114.69
2024-08-30,2024-08-30,"Service payment - Gardner, Erickson and King",REF72451260,0.0,658.95,314773.64
2024-08-30,2024-08-30,Invoice payment - Hernandez Inc,REF83665158,0.0,1134.5,315908.14
2024-08-30,2024-08-30,Service payment - Schwartz-King,REF56542077,0.0,2169.79,318077.93
2024-09-06,2024-09-06,Fuel purchase,REF79038077,400.78,0.0,317677.15
2024-09-07,2024-09-07,Fuel purchase,REF19102716,194.92,0.0,317482.23
2024-09-08,2024-09-08,Fuel purchase,REF96628956,263.57,0.0,317218.66
2024-09-10,2024-09-10,Subcontractors expense,REF13861800,350.77,0.0,316867.89
2024-09-15,2024-09-15,Safety Equipment expense,REF35215366,93.1,0.0,316774.79
2024-09-15,2024-09-15,Invoice payment - Schwartz-King,REF59727112,0.0,1368.71,318143.5
2024-09-15,2024-09-15,"Invoice payment - Morris, Huynh and Moody",REF91511851,0.0,890.6,319034.1
2024-09-15,2024-09-15,"Payment from Taylor, Owens and Dickson",REF34981630,0.0,1071.45,320105.55
2024-09-15,2024-09-15,Payment from Hernandez Inc,REF65550010,0.0,984.74,321090.29
2024-09-15,2024-09-15,Business insurance premium,REF79528725,229.47,0.0,320860.82
2024-09-15,2024-09-15,"Project payment - Gardner, Erickson and King",REF81101012,0.0,736.93,321597.75
2024-09-19,2024-09-19,Fuel purchase,REF91907643,431.85,0.0,321165.9
2024-09-22,2024-09-22,Fuel purchase,REF83168370,385.42,0.0,320780.48
2024-09-24,2024-09-24,Vehicle Maintenance expense,REF50464282,140.44,0.0,320640.04
2024-09-26,2024-09-26,Business materials,REF14695733,1143.67,0.0,319496.37
2024-09-29,2024-09-29,Permits Licenses expense,REF36473624,107.87,0.0,319388.5
2024-09-30,2024-09-30,"Project payment - Taylor, Owens and Dickson",REF95805504,0.0,1637.21,321025.71
2024-09-30,2024-09-30,Service payment - Schwartz-King,REF38304440,0.0,1500.39,322526.1
2024-09-30,2024-09-30,"Payment from Morris, Huynh and Moody",REF26532483,0.0,1334.56,323860.66
2024-09-30,2024-09-30,"Payment from Gardner, Erickson and King",REF37579938,0.0,986.98,324847.64
2024-10-01,2024-10-01,Business materials,REF88754140,1154.73,0.0,323692.91
2024-10-05,2024-10-05,Fuel purchase,REF75932155,196.11,0.0,323496.8
2024-10-06,2024-10-06,Fuel purchase,REF91042626,333.08,0.0,323163.72
2024-10-07,2024-10-07,Business materials,REF36908648,608.8,0.0,322554.92
2024-10-08,2024-10-08,Business materials,REF33122434,729.13,0.0,321825.79
2024-10-08,2024-10-08,Safety Equipment expense,REF86482061,78.14,0.0,321747.65
2024-10-09,2024-10-09,Fuel purchase,REF82853848,346.73,0.0,321400.92
2024-10-15,2024-10-15,Business insurance premium,REF96241881,224.81,0.0,321176.11
2024-10-15,2024-10-15,"Service payment - Gardner, Erickson and King",REF60440661,0.0,859.74,322035.85
2024-10-15,2024-10-15,Project payment - Hernandez Inc,REF14434288,0.0,826.67,322862.52
2024-10-15,2024-10-15,Business materials,REF16105676,547.45,0.0,322315.07
2024-10-15,2024-10-15,"Project payment - Taylor, Owens and Dickson",REF74797624,0.0,1034.68,323349.75
2024-10-15,2024-10-15,"Project payment - Morris, Huynh and Moody",REF19370750,0.0,1105.58,324455.33
2024-10-15,2024-10-15,Invoice payment - Schwartz-King,REF34465549,0.0,1279.79,325735.12
2024-10-18,2024-10-18,Business materials,REF51314123,660.6,0.0,325074.52
2024-10-20,2024-10-20,Fuel purchase,REF65260622,225.47,0.0,324849.05
2024-10-21,2024-10-21,Fuel purchase,REF84839380,512.09,0.0,324336.96
2024-10-23,2024-10-23,Subcontractors expense,REF44823591,248.65,0.0,324088.31
2024-10-25,2024-10-25,Permits Licenses expense,REF35437437,51.78,0.0,324036.53
2024-10-30,2024-10-30,"Project payment - Morris, Huynh and Moody",REF30956567,0.0,1187.11,325223.64
2024-10-30,2024-10-30,Payment from Hernandez Inc,REF16748801,0.0,823.08,326046.72
2024-10-30,2024-10-30,Service payment - Schwartz-King,REF69801691,0.0,1282.06,327328.78
2024-10-30,2024-10-30,"Service payment - Taylor, Owens and Dickson",REF71085478,0.0,1028.74,328357.52
2024-10-30,2024-10-30,"Invoice payment - Gardner, Erickson and King",REF90725298,0.0,670.68,329028.2
2024-11-02,2024-11-02,Equipment Rental expense,REF73258177,212.54,0.0,328815.66
2024-11-02,2024-11-02,Tools expense,REF39969105,92.01,0.0,328723.65
2024-11-08,2024-11-08,Business materials,REF15293186,380.58,0.0,328343.07
2024-11-08,2024-11-08,Vehicle Maintenance expense,REF81035006,54.28,0.0,328288.79
2024-11-11,2024-11-11,Tools expense,REF81677225,89.8,0.0,328198.99
2024-11-15,2024-11-15,Fuel purchase,REF12484828,106.27,0.0,328092.72
2024-11-15,2024-11-15,"Project payment - Taylor, Owens and Dickson",REF35382767,0.0,944.22,329036.94
2024-11-15,2024-11-15,"Service payment - Morris, Huynh and Moody",REF82403717,0.0,638.2,329675.14
2024-11-15,2024-11-15,"Service payment - Gardner, Erickson and King",REF51555050,0.0,713.32,330388.46
2024-11-15,2024-11-15,Service payment - Hernandez Inc,REF73586194,0.0,756.83,331145.29
2024-11-15,2024-11-15,Payment from Schwartz-King,REF62370570,0.0,1248.38,332393.67
2024-11-15,2024-11-15,Business insurance premium,REF92551423,144.11,0.0,332249.56
2024-11-16,2024-11-16,Vehicle Maintenance expense,REF70118601,127.68,0.0,332121.88
2024-11-18,2024-11-18,Subcontractors expense,REF61665723,913.1,0.0,331208.78
2024-11-20,2024-11-20,Safety Equipment expense,REF47662282,73.72,0.0,331135.06
2024-11-22,2024-11-22,Fuel purchase,REF59210622,267.55,0.0,330867.51
2024-11-23,2024-11-23,Fuel purchase,REF89396962,345.05,0.0,330522.46
2024-11-28,2024-11-28,Fuel purchase,REF17826922,365.84,0.0,330156.62
2024-11-29,2024-11-29,Business materials,REF51032774,697.62,0.0,329459.0
2024-11-30,2024-11-30,Business materials,REF59101294,777.59,0.0,328681.41
2024-11-30,2024-11-30,Subcontractors expense,REF78466090,998.89,0.0,327682.52
2024-11-30,2024-11-30,"Project payment - Taylor, Owens and Dickson",REF50401596,0.0,1004.79,328687.31
2024-11-30,2024-11-30,Payment from Schwartz-King,REF68613819,0.0,685.43,329372.74
2024-11-30,2024-11-30,"Project payment - Gardner, Erickson and King",REF40653715,0.0,558.88,329931.62
2024-11-30,2024-11-30,"Invoice payment - Morris, Huynh and Moody",REF82884742,0.0,749.14,330680.76
2024-12-01,2024-12-01,Safety Equipment expense,REF74035317,51.33,0.0,330629.43
2024-12-06,2024-12-06,Fuel purchase,REF62065737,176.13,0.0,330453.3
2024-12-07,2024-12-07,Fuel purchase,REF52920353,195.88,0.0,330257.42
2024-12-08,2024-12-08,Permits Licenses expense,REF98357899,50.09,0.0,330207.33
2024-12-10,2024-12-10,Safety Equipment expense,REF21765302,37.64,0.0,330169.69
2024-12-11,2024-12-11,Business materials,REF58999895,531.26,0.0,329638.43
2024-12-14,2024-12-14,Fuel purchase,REF18733756,197.45,0.0,329440.98
2024-12-15,2024-12-15,Business materials,REF60439946,384.79,0.0,329056.19
2024-12-15,2024-12-15,Tools expense,REF88242806,61.39,0.0,328994.8
2024-12-15,2024-12-15,"Payment from Taylor, Owens and Dickson",REF46303789,0.0,609.86,329604.66
2024-12-15,2024-12-15,Business insurance premium,REF94497749,121.07,0.0,329483.59
2024-12-15,2024-12-15,Invoice payment - Schwartz-King,REF83802732,0.0,845.48,330329.07
2024-12-15,2024-12-15,"Invoice payment - Gardner, Erickson and King",REF92740770,0.0,422.41,330751.48
2024-12-15,2024-12-15,"Invoice payment - Morris, Huynh and Moody",REF57753189,0.0,694.54,331446.02
2024-12-15,2024-12-15,Safety Equipment expense,REF91444945,55.93,0.0,331390.09
2024-12-15,2024-12-15,Invoice payment - Hernandez Inc,REF92457691,0.0,560.83,331950.92
2024-12-16,2024-12-16,Fuel purchase,REF15034220,152.75,0.0,331798.17
2024-12-18,2024-12-18,Subcontractors expense,REF86017674,622.24,0.0,331175.93
2024-12-18,2024-12-18,Tools expense,REF41719513,77.09,0.0,331098.84
2024-12-19,2024-12-19,Subcontractors expense,REF91847897,393.35,0.0,330705.49
2024-12-20,2024-12-20,Subcontractors expense,REF62960697,618.3,0.0,330087.19
2024-12-20,2024-12-20,Equipment Rental expense,REF42728940,165.72,0.0,329921.47
2024-12-21,2024-12-21,Fuel purchase,REF45164333,190.1,0.0,329731.37
2024-12-30,2024-12-30,Service payment - Schwartz-King,REF41184342,0.0,1000.18,330731.55
2024-12-30,2024-12-30,Invoice payment - Hernandez Inc,REF82851149,0.0,574.05,331305.6
2024-12-30,2024-12-30,"Invoice payment - Morris, Huynh and Moody",REF95362278,0.0,684.8,331990.4
2024-12-30,2024-12-30,Business materials,REF82118361,505.29,0.0,331485.11
2024-12-30,2024-12-30,"Payment from Taylor, Owens and Dickson",REF75230542,0.0,764.08,332249.19
2024-12-30,2024-12-30,"Project payment - Gardner, Erickson and King",REF97857130,0.0,444.6,332693.79
2024-12-31,2024-12-31,Fuel purchase,REF75981953,147.99,0.0,332545.8
2024-12-31,2024-12-31,Tools expense,REF63485373,37.66,0.0,332508.14
2025-01-01,2025-01-01,Subcontractors expense,REF77156012,675.84,0.0,331832.3
2025-01-01,2025-01-01,Safety Equipment expense,REF44757931,91.44,0.0,331740.86
2025-01-01,2025-01-01,Equipment Rental expense,REF79101598,235.38,0.0,331505.48
2025-01-02,2025-01-02,Business materials,REF56662243,863.72,0.0,330641.76
2025-01-07,2025-01-07,Business materials,REF21020192,312.78,0.0,330328.98
2025-01-09,2025-01-09,Vehicle Maintenance expense,REF10668245,96.03,0.0,330232.95
2025-01-09,2025-01-09,Business materials,REF64440883,477.01,0.0,329755.94
2025-01-12,2025-01-12,Vehicle Maintenance expense,REF42803788,116.51,0.0,329639.43
2025-01-15,2025-01-15,Business insurance premium,REF81776511,151.07,0.0,329488.36
2025-01-15,2025-01-15,Payment from Hernandez Inc,REF16469751,0.0,496.06,329984.42
2025-01-15,2025-01-15,"Service payment - Gardner, Erickson and King",REF23567288,0.0,534.67,330519.09
2025-01-15,2025-01-15,Payment from Schwartz-King,REF58480247,0.0,848.32,331367.41
2025-01-15,2025-01-15,"Invoice payment - Taylor, Owens and Dickson",REF67426735,0.0,979.79,332347.2
2025-01-19,2025-01-19,Safety Equipment expense,REF60410928,43.02,0.0,332304.18
2025-01-23,2025-01-23,Safety Equipment expense,REF25100516,76.25,0.0,332227.93
2025-01-23,2025-01-23,Fuel purchase,REF47245921,197.41,0.0,332030.52
2025-01-28,2025-01-28,Business materials,REF57018871,773.27,0.0,331257.25
2025-01-29,2025-01-29,Fuel purchase,REF13537733,257.66,0.0,330999.59
2025-01-30,2025-01-30,Invoice payment - Hernandez Inc,REF64049552,0.0,487.28,331486.87
2025-01-30,2025-01-30,"Project payment - Gardner, Erickson and King",REF45155650,0.0,607.39,332094.26
2025-01-30,2025-01-30,Project payment - Schwartz-King,REF43138742,0.0,1139.25,333233.51
2025-01-30,2025-01-30,"Invoice payment - Morris, Huynh and Moody",REF47004673,0.0,837.18,334070.69
2025-01-31,2025-01-31,Equipment Rental expense,REF26290742,315.26,0.0,333755.43
2025-02-02,2025-02-02,Fuel purchase,REF12959437,299.25,0.0,333456.18
2025-02-10,2025-02-10,Permits Licenses expense,REF56954963,50.79,0.0,333405.39
2025-02-12,2025-02-12,Permits Licenses expense,REF94307048,65.64,0.0,333339.75
2025-02-15,2025-02-15,"Service payment - Gardner, Erickson and King",REF47893577,0.0,598.93,333938.68
2025-02-15,2025-02-15,"Service payment - Taylor, Owens and Dickson",REF70469927,0.0,957.66,334896.34
2025-02-15,2025-02-15,"Service payment - Morris, Huynh and Moody",REF29188367,0.0,893.08,335789.42
2025-02-15,2025-02-15,Business insurance premium,REF76569910,164.97,0.0,335624.45
2025-02-15,2025-02-15,Service payment - Schwartz-King,REF36166653,0.0,1174.23,336798.68
2025-02-16,2025-02-16,Business materials,REF10812861,294.97,0.0,336503.71
2025-02-17,2025-02-17,Vehicle Maintenance expense,REF78386116,102.02,0.0,336401.69
2025-02-24,2025-02-24,Fuel purchase,REF46717574,211.42,0.0,336190.27
2025-02-26,2025-02-26,Business materials,REF51228654,507.1,0.0,335683.17
2025-02-28,2025-02-28,Business materials,REF45703951,915.13,0.0,334768.04
2025-02-28,2025-02-28,"Invoice payment - Gardner, Erickson and King",REF19658393,0.0,704.17,335472.21
2025-02-28,2025-02-28,Invoice payment - Hernandez Inc,REF48224416,0.0,589.67,336061.88
2025-02-28,2025-02-28,"Project payment - Morris, Huynh and Moody",REF91151926,0.0,1073.85,337135.73
2025-02-28,2025-02-28,Payment from Schwartz-King,REF67395151,0.0,1128.85,338264.58
2025-02-28,2025-02-28,"Invoice payment - Taylor, Owens and Dickson",REF23874027,0.0,1194.74,339459.32
2025-03-03,2025-03-03,Permits Licenses expense,REF45624172,104.2,0.0,339355.12
2025-03-07,2025-03-07,Permits Licenses expense,REF96207061,81.82,0.0,339273.3
2025-03-08,2025-03-08,Tools expense,REF12591400,54.36,0.0,339218.94
2025-03-08,2025-03-08,Safety Equipment expense,REF44760891,50.04,0.0,339168.9
2025-03-12,2025-03-12,Permits Licenses expense,REF65129987,107.84,0.0,339061.06
2025-03-15,2025-03-15,Business insurance premium,REF97423216,215.31,0.0,338845.75
2025-03-15,2025-03-15,"Service payment - Morris, Huynh and Moody",REF59514294,0.0,1447.81,340293.56
2025-03-15,2025-03-15,Payment from Hernandez Inc,REF94858755,0.0,1034.11,341327.67
2025-03-15,2025-03-15,"Project payment - Gardner, Erickson and King",REF90520324,0.0,736.64,342064.31
2025-03-15,2025-03-15,Payment from Schwartz-King,REF88498203,0.0,1388.43,343452.74
2025-03-16,2025-03-16,Vehicle Maintenance expense,REF80072792,112.44,0.0,343340.3
2025-03-17,2025-03-17,Subcontractors expense,REF79398565,1372.63,0.0,341967.67
2025-03-22,2025-03-22,Fuel purchase,REF88943975,372.84,0.0,341594.83
2025-03-23,2025-03-23,Subcontractors expense,REF31406247,905.72,0.0,340689.11
2025-03-24,2025-03-24,Tools expense,REF46471438,113.21,0.0,340575.9
2025-03-25,2025-03-25,Vehicle Maintenance expense,REF34475204,136.3,0.0,340439.6
2025-03-30,2025-03-30,"Project payment - Gardner, Erickson and King",REF51414002,0.0,707.72,341147.32
2025-03-30,2025-03-30,Invoice payment - Hernandez Inc,REF14049188,0.0,799.1,341946.42
2025-03-30,2025-03-30,"Payment from Morris, Huynh and Moody",REF38123248,0.0,1173.75,343120.17
2025-03-30,2025-03-30,"Payment from Taylor, Owens and Dickson",REF23517466,0.0,1566.39,344686.56
2025-03-30,2025-03-30,Invoice payment - Schwartz-King,REF14790124,0.0,1301.44,345988.0
2025-04-03,2025-04-03,Subcontractors expense,REF67893806,1080.07,0.0,344907.93
2025-04-07,2025-04-07,Fuel purchase,REF42395393,391.02,0.0,344516.91
2025-04-07,2025-04-07,Vehicle Maintenance expense,REF58127955,146.88,0.0,344370.03
2025-04-08,2025-04-08,Equipment Rental expense,REF17896826,559.34,0.0,343810.69
2025-04-09,2025-04-09,Business materials,REF25205078,1062.21,0.0,342748.48
2025-04-10,2025-04-10,Fuel purchase,REF67452020,435.26,0.0,342313.22
2025-04-10,2025-04-10,Business materials,REF86192753,1214.03,0.0,341099.19
2025-04-12,2025-04-12,Permits Licenses expense,REF79644160,78.13,0.0,341021.06
2025-04-14,2025-04-14,Fuel purchase,REF13619254,406.47,0.0,340614.59
2025-04-14,2025-04-14,Vehicle Maintenance expense,REF50641497,199.1,0.0,340415.49
2025-04-15,2025-04-15,Business insurance premium,REF29790056,240.34,0.0,340175.15
2025-04-15,2025-04-15,Invoice payment - Hernandez Inc,REF37114625,0.0,1310.01,341485.16
2025-04-15,2025-04-15,Invoice payment - Schwartz-King,REF68562401,0.0,1526.62,343011.78
2025-04-15,2025-04-15,"Project payment - Taylor, Owens and Dickson",REF80181118,0.0,1141.59,344153.37
2025-04-15,2025-04-15,"Payment from Morris, Huynh and Moody",REF80264555,0.0,1265.04,345418.41
2025-04-15,2025-04-15,"Service payment - Gardner, Erickson and King",REF36932797,0.0,759.52,346177.93
2025-04-16,2025-04-16,Business materials,REF38014116,957.03,0.0,345220.9
2025-04-17,2025-04-17,Business materials,REF33234651,762.59,0.0,344458.31
2025-04-20,2025-04-20,Fuel purchase,REF31251158,295.9,0.0,344162.41
2025-04-21,2025-04-21,Fuel purchase,REF92526759,353.06,0.0,343809.35
2025-04-22,2025-04-22,Business materials,REF38077528,1166.19,0.0,342643.16
2025-04-23,2025-04-23,Permits Licenses expense,REF11611512,64.61,0.0,342578.55
2025-04-25,2025-04-25,Business materials,REF60847347,1208.27,0.0,341370.28
2025-04-25,2025-04-25,Subcontractors expense,REF81127326,862.99,0.0,340507.29
2025-04-25,2025-04-25,Tools expense,REF58728452,163.76,0.0,340343.53
2025-04-27,2025-04-27,Fuel purchase,REF12701467,436.07,0.0,339907.46
2025-04-28,2025-04-28,Fuel purchase,REF45288569,358.93,0.0,339548.53
2025-04-30,2025-04-30,Project payment - Hernandez Inc,REF35992680,0.0,1072.45,340620.98
2025-04-30,2025-04-30,Service payment - Schwartz-King,REF65105658,0.0,1640.03,342261.01
2025-04-30,2025-04-30,"Payment from Taylor, Owens and Dickson",REF10067073,0.0,1524.66,343785.67
2025-04-30,2025-04-30,"Payment from Morris, Huynh and Moody",REF21870995,0.0,1322.59,345108.26
2025-05-02,2025-05-02,Business materials,REF79519289,337.71,0.0,344770.55
2025-05-05,2025-05-05,Subcontractors expense,REF56849084,1174.58,0.0,343595.97
2025-05-05,2025-05-05,Equipment Rental expense,REF79335447,554.0,0.0,343041.97
2025-05-06,2025-05-06,Tools expense,REF30933715,169.8,0.0,342872.17
2025-05-15,2025-05-15,Business insurance premium,REF85127244,262.21,0.0,342609.96
2025-05-15,2025-05-15,Business materials,REF90996422,1142.3,0.0,341467.66
2025-05-15,2025-05-15,"Service payment - Gardner, Erickson and King",REF42441375,0.0,1000.61,342468.27
2025-05-15,2025-05-15,"Invoice payment - Morris, Huynh and Moody",REF90406849,0.0,1379.23,343847.5
2025-05-15,2025-05-15,Invoice payment - Schwartz-King,REF29261780,0.0,1795.17,345642.67
2025-05-27,2025-05-27,Business materials,REF50422601,801.23,0.0,344841.44
2025-05-30,2025-05-30,"Payment from Taylor, Owens and Dickson",REF28585901,0.0,1773.71,346615.15
2025-05-30,2025-05-30,"Project payment - Gardner, Erickson and King",REF25524354,0.0,1283.66,347898.81
2025-05-30,2025-05-30,Service payment - Hernandez Inc,REF52129674,0.0,939.69,348838.5
2025-05-30,2025-05-30,Invoice payment - Schwartz-King,REF10266725,0.0,2142.32,350980.82
2025-05-30,2025-05-30,"Invoice payment - Morris, Huynh and Moody",REF23173704,0.0,1412.01,352392.83
2025-06-05,2025-06-05,Business materials,REF91278147,1219.99,0.0,351172.84
2025-06-07,2025-06-07,Fuel purchase,REF93613289,325.31,0.0,350847.53
2025-06-07,2025-06-07,Tools expense,REF37888138,161.82,0.0,350685.71
2025-06-15,2025-06-15,"Project payment - Gardner, Erickson and King",REF59154794,0.0,809.55,351495.26
2025-06-15,2025-06-15,"Service payment - Taylor, Owens and Dickson",REF15839434,0.0,1492.36,352987.62
2025-06-15,2025-06-15,Business insurance premium,REF20534802,275.6,0.0,352712.02
2025-06-15,2025-06-15,"Project payment - Morris, Huynh and Moody",REF60098924,0.0,1508.23,354220.25
2025-06-15,2025-06-15,Invoice payment - Schwartz-King,REF17319887,0.0,2091.34,356311.59
2025-06-15,2025-06-15,Fuel purchase,REF57676539,374.9,0.0,355936.69
2025-06-15,2025-06-15,Business materials,REF80382337,1092.39,0.0,354844.3
2025-06-17,2025-06-17,Tools expense,REF33059520,186.08,0.0,354658.22
2025-06-22,2025-06-22,Fuel purchase,REF28425403,577.63,0.0,354080.59
2025-06-26,2025-06-26,Fuel purchase,REF47185052,326.91,0.0,353753.68
2025-06-28,2025-06-28,Safety Equipment expense,REF51029538,96.17,0.0,353657.51
2025-06-29,2025-06-29,Fuel purchase,REF11578356,296.2,0.0,353361.31
2025-06-30,2025-06-30,"Payment from Taylor, Owens and Dickson",REF96632232,0.0,1295.46,354656.77
2025-06-30,2025-06-30,Fuel purchase,REF15154252,439.05,0.0,354217.72
2025-06-30,2025-06-30,"Service payment - Gardner, Erickson and King",REF75963053,0.0,1094.47,355312.19
2025-06-30,2025-06-30,"Invoice payment - Morris, Huynh and Moody",REF40642895,0.0,1527.94,356840.13
2025-06-30,2025-06-30,Payment from Hernandez Inc,REF67781695,0.0,1159.54,357999.67
2025-06-30,2025-06-30,Project payment - Schwartz-King,REF20284014,0.0,2781.78,360781.45
2025-07-02,2025-07-02,Tools expense,REF17819672,120.85,0.0,360660.6
2025-07-05,2025-07-05,Safety Equipment expense,REF91610176,84.91,0.0,360575.69
2025-07-07,2025-07-07,Fuel purchase,REF10715822,401.38,0.0,360174.31
2025-07-12,2025-07-12,Equipment Rental expense,REF36689255,593.21,0.0,359581.1
2025-07-15,2025-07-15,"Service payment - Gardner, Erickson and King",REF61683669,0.0,1219.45,360800.55
2025-07-15,2025-07-15,Project payment - Schwartz-King,REF73114313,0.0,1525.19,362325.74
2025-07-15,2025-07-15,Business insurance premium,REF10233721,254.38,0.0,362071.36
2025-07-15,2025-07-15,"Invoice payment - Taylor, Owens and Dickson",REF28731655,0.0,1467.94,363539.3
2025-07-15,2025-07-15,"Payment from Morris, Huynh and Moody",REF80121745,0.0,1387.03,364926.33
2025-07-18,2025-07-18,Fuel purchase,REF23920025,254.1,0.0,364672.23
2025-07-20,2025-07-20,Fuel purchase,REF13541940,414.91,0.0,364257.32
2025-07-21,2025-07-21,Vehicle Maintenance expense,REF37367314,169.27,0.0,364088.05
2025-07-25,2025-07-25,Subcontractors expense,REF77872301,1404.26,0.0,362683.79
2025-07-27,2025-07-27,Permits Licenses expense,REF97682245,10.3,0.0,362673.49
2025-07-29,2025-07-29,Business materials,REF47377972,848.94,0.0,361824.55
2025-07-30,2025-07-30,Equipment Rental expense,REF36128296,271.34,0.0,361553.21
2025-07-30,2025-07-30,Payment from Hernandez Inc,REF83847752,0.0,889.62,362442.83
2025-07-30,2025-07-30,"Service payment - Taylor, Owens and Dickson",REF69358616,0.0,1709.54,364152.37
2025-07-30,2025-07-30,"Invoice payment - Morris, Huynh and Moody",REF20468754,0.0,1057.94,365210.31
2025-07-30,2025-07-30,"Service payment - Gardner, Erickson and King",REF44162007,0.0,830.28,366040.59
2025-08-01,2025-08-01,Fuel purchase,REF43493077,278.11,0.0,365762.48
2025-08-05,2025-08-05,Permits Licenses expense,REF30630585,90.33,0.0,365672.15
2025-08-06,2025-08-06,Business materials,REF48883924,584.92,0.0,365087.23
2025-08-08,2025-08-08,Equipment Rental expense,REF50062025,661.34,0.0,364425.89
2025-08-11,2025-08-11,Business materials,REF95354340,662.33,0.0,363763.56
2025-08-15,2025-08-15,"Project payment - Morris, Huynh and Moody",REF81499774,0.0,1233.97,364997.53
2025-08-15,2025-08-15,Project payment - Schwartz-King,REF44986065,0.0,1684.31,366681.84
2025-08-15,2025-08-15,"Service payment - Taylor, Owens and Dickson",REF38474733,0.0,1486.28,368168.12
2025-08-15,2025-08-15,"Invoice payment - Gardner, Erickson and King",REF66669151,0.0,899.03,369067.15
2025-08-15,2025-08-15,Business insurance premium,REF75502546,242.96,0.0,368824.19
2025-08-15,2025-08-15,Subcontractors expense,REF69574067,1427.84,0.0,367396.35
2025-08-17,2025-08-17,Permits Licenses expense,REF60465431,110.06,0.0,367286.29
