transaction_date,value_date,description,reference,debit,credit,balance
2022-01-12,2022-01-12,Marketing expenses,REF16637661,100.09,0.0,192101.43
2022-01-15,2022-01-15,Project payment - Medina and Sons,REF65734231,0.0,500.1,192601.53
2022-01-15,2022-01-15,Invoice payment - Cunningham-Barton,REF43484801,0.0,1049.05,193650.58
2022-01-15,2022-01-15,Business insurance premium,REF86206136,95.79,0.0,193554.79
2022-01-17,2022-01-17,Office supplies,REF23867658,28.75,0.0,193526.04
2022-01-20,2022-01-20,Equipment purchase,REF36089484,101.43,0.0,193424.61
2022-01-21,2022-01-21,Business travel,REF83128678,75.22,0.0,193349.39
2022-01-30,2022-01-30,Office supplies,REF90832404,42.94,0.0,193306.45
2022-02-03,2022-02-03,Office supplies,REF91754575,50.47,0.0,193255.98
2022-02-06,2022-02-06,Office supplies,REF87901584,51.14,0.0,193204.84
2022-02-09,2022-02-09,Software subscription,REF78648487,157.37,0.0,193047.47
2022-02-10,2022-02-10,Business travel,REF12708244,111.14,0.0,192936.33
2022-02-11,2022-02-11,Business travel,REF46830896,109.59,0.0,192826.74
2022-02-14,2022-02-14,Marketing expenses,REF80110522,231.64,0.0,192595.1
2022-02-15,2022-02-15,Business insurance premium,REF78036523,111.42,0.0,192483.68
2022-02-15,2022-02-15,Project payment - Dunn-Wilson,REF19610824,0.0,954.66,193438.34
2022-02-15,2022-02-15,Service payment - Cunningham-Barton,REF62813784,0.0,1285.19,194723.53
2022-02-15,2022-02-15,Project payment - Medina and Sons,REF49683338,0.0,1545.88,196269.41
2022-02-26,2022-02-26,Business travel,REF73812368,146.84,0.0,196122.57
2022-02-28,2022-02-28,Training/conference,REF23654332,112.68,0.0,196009.89
2022-02-28,2022-02-28,Professional services,REF99296617,147.39,0.0,195862.5
2022-03-02,2022-03-02,Marketing expenses,REF82917080,347.6,0.0,195514.9
2022-03-09,2022-03-09,Software subscription,REF90498480,172.2,0.0,195342.7
2022-03-10,2022-03-10,Training/conference,REF29732617,114.28,0.0,195228.42
2022-03-15,2022-03-15,Payment from Dunn-Wilson,REF24473668,0.0,1527.05,196755.47
2022-03-15,2022-03-15,Service payment - Cunningham-Barton,REF26215410,0.0,1164.21,197919.68
2022-03-15,2022-03-15,Business insurance premium,REF92780944,125.33,0.0,197794.35
2022-03-15,2022-03-15,Invoice payment - Medina and Sons,REF12237151,0.0,1837.48,199631.83
2022-03-17,2022-03-17,Training/conference,REF94727521,112.16,0.0,199519.67
2022-03-17,2022-03-17,Office supplies,REF70227761,66.26,0.0,199453.41
2022-03-23,2022-03-23,Business travel,REF47088718,145.01,0.0,199308.4
2022-03-25,2022-03-25,Training/conference,REF74922633,64.84,0.0,199243.56
2022-03-29,2022-03-29,Office supplies,REF51817917,32.25,0.0,199211.31
2022-03-31,2022-03-31,Office supplies,REF51244817,82.36,0.0,199128.95
2022-03-31,2022-03-31,Business travel,REF81438446,92.13,0.0,199036.82
2022-04-02,2022-04-02,Office supplies,REF81535506,40.93,0.0,198995.89
2022-04-05,2022-04-05,Office supplies,REF14480620,33.08,0.0,198962.81
2022-04-09,2022-04-09,Software subscription,REF32845763,162.5,0.0,198800.31
2022-04-12,2022-04-12,Business travel,REF51403022,146.14,0.0,198654.17
2022-04-13,2022-04-13,Marketing expenses,REF46228182,107.99,0.0,198546.18
2022-04-14,2022-04-14,Office supplies,REF87304835,56.85,0.0,198489.33
2022-04-14,2022-04-14,Business travel,REF56487355,130.98,0.0,198358.35
2022-04-15,2022-04-15,Business insurance premium,REF82270065,120.19,0.0,198238.16
2022-04-15,2022-04-15,Payment from Cunningham-Barton,REF95597264,0.0,1377.29,199615.45
2022-04-15,2022-04-15,Service payment - Dunn-Wilson,REF17659825,0.0,1283.92,200899.37
2022-04-16,2022-04-16,Training/conference,REF13750601,94.64,0.0,200804.73
2022-04-20,2022-04-20,Office supplies,REF39404409,43.41,0.0,200761.32
2022-04-24,2022-04-24,Business travel,REF19771406,140.68,0.0,200620.64
2022-04-26,2022-04-26,Office supplies,REF52588291,57.15,0.0,200563.49
2022-04-27,2022-04-27,Internet and phone service,REF17028239,57.67,0.0,200505.82
2022-05-02,2022-05-02,Marketing expenses,REF95973817,182.91,0.0,200322.91
2022-05-03,2022-05-03,Marketing expenses,REF40841244,182.28,0.0,200140.63
2022-05-09,2022-05-09,Software subscription,REF90924674,129.31,0.0,200011.32
2022-05-12,2022-05-12,Professional services,REF10525802,369.17,0.0,199642.15
2022-05-15,2022-05-15,Payment from Medina and Sons,REF47136295,0.0,1741.24,201383.39
2022-05-15,2022-05-15,Payment from Cunningham-Barton,REF78439282,0.0,1635.45,203018.84
2022-05-15,2022-05-15,Business insurance premium,REF71612629,113.83,0.0,202905.01
2022-05-20,2022-05-20,Equipment purchase,REF12355186,99.32,0.0,202805.69
2022-05-23,2022-05-23,Business travel,REF38307720,206.11,0.0,202599.58
2022-05-24,2022-05-24,Training/conference,REF46985400,82.91,0.0,202516.67
2022-05-24,2022-05-24,Internet and phone service,REF63757877,115.23,0.0,202401.44
2022-05-26,2022-05-26,Equipment purchase,REF70590595,46.69,0.0,202354.75
2022-05-28,2022-05-28,Office supplies,REF85676516,56.92,0.0,202297.83
2022-05-31,2022-05-31,Office supplies,REF59176311,41.72,0.0,202256.11
2022-05-31,2022-05-31,Marketing expenses,REF84935137,155.31,0.0,202100.8
2022-06-02,2022-06-02,Training/conference,REF69188088,74.66,0.0,202026.14
2022-06-03,2022-06-03,Office supplies,REF96230003,35.78,0.0,201990.36
2022-06-07,2022-06-07,Office supplies,REF66331544,34.32,0.0,201956.04
2022-06-09,2022-06-09,Software subscription,REF99247480,147.82,0.0,201808.22
2022-06-13,2022-06-13,Marketing expenses,REF32426248,201.22,0.0,201607.0
2022-06-15,2022-06-15,Service payment - Dunn-Wilson,REF99385885,0.0,1118.18,202725.18
2022-06-15,2022-06-15,Invoice payment - Cunningham-Barton,REF63976382,0.0,1533.4,204258.58
2022-06-15,2022-06-15,Business insurance premium,REF96803304,103.14,0.0,204155.44
2022-06-18,2022-06-18,Training/conference,REF45215680,68.02,0.0,204087.42
2022-06-20,2022-06-20,Training/conference,REF60029650,85.9,0.0,204001.52
2022-06-27,2022-06-27,Professional services,REF41955303,151.43,0.0,203850.09
2022-06-28,2022-06-28,Internet and phone service,REF72405975,85.03,0.0,203765.06
2022-07-02,2022-07-02,Training/conference,REF95576441,61.59,0.0,203703.47
2022-07-05,2022-07-05,Professional services,REF76169240,143.7,0.0,203559.77
2022-07-07,2022-07-07,Training/conference,REF51032434,48.79,0.0,203510.98
2022-07-09,2022-07-09,Professional services,REF64335445,215.1,0.0,203295.88
2022-07-09,2022-07-09,Software subscription,REF53792994,129.66,0.0,203166.22
2022-07-15,2022-07-15,Professional services,REF51313187,210.81,0.0,202955.41
2022-07-15,2022-07-15,Business insurance premium,REF11231715,103.42,0.0,202851.99
2022-07-15,2022-07-15,Service payment - Cunningham-Barton,REF32439920,0.0,1179.92,204031.91
2022-07-15,2022-07-15,Payment from Medina and Sons,REF26350596,0.0,1479.48,205511.39
2022-07-15,2022-07-15,Service payment - Dunn-Wilson,REF69321341,0.0,971.13,206482.52
2022-07-20,2022-07-20,Equipment purchase,REF60241123,70.33,0.0,206412.19
2022-07-31,2022-07-31,Business travel,REF24818604,118.41,0.0,206293.78
2022-08-02,2022-08-02,Business travel,REF46874624,79.92,0.0,206213.86
2022-08-04,2022-08-04,Office supplies,REF41954819,52.57,0.0,206161.29
2022-08-05,2022-08-05,Internet and phone service,REF76284148,76.46,0.0,206084.83
2022-08-07,2022-08-07,Office supplies,REF84143851,30.34,0.0,206054.49
2022-08-07,2022-08-07,Professional services,REF87463363,177.17,0.0,205877.32
2022-08-09,2022-08-09,Software subscription,REF44120684,108.53,0.0,205768.79
2022-08-14,2022-08-14,Business travel,REF81621097,127.89,0.0,205640.9
2022-08-15,2022-08-15,Invoice payment - Cunningham-Barton,REF16719969,0.0,687.41,206328.31
2022-08-15,2022-08-15,Office supplies,REF21167963,29.17,0.0,206299.14
2022-08-15,2022-08-15,Payment from Dunn-Wilson,REF27407422,0.0,817.04,207116.18
2022-08-15,2022-08-15,Business insurance premium,REF13459415,85.77,0.0,207030.41
2022-08-15,2022-08-15,Project payment - Medina and Sons,REF42338984,0.0,1477.48,208507.89
2022-08-23,2022-08-23,Internet and phone service,REF45114298,54.82,0.0,208453.07
2022-09-01,2022-09-01,Marketing expenses,REF33511789,134.38,0.0,208318.69
2022-09-02,2022-09-02,Professional services,REF35366724,313.7,0.0,208004.99
2022-09-05,2022-09-05,Training/conference,REF22715422,121.63,0.0,207883.36
2022-09-09,2022-09-09,Software subscription,REF59750679,179.13,0.0,207704.23
2022-09-09,2022-09-09,Equipment purchase,REF16673616,104.67,0.0,207599.56
2022-09-15,2022-09-15,Business insurance premium,REF57337560,130.99,0.0,207468.57
2022-09-15,2022-09-15,Marketing expenses,REF93762445,212.04,0.0,207256.53
2022-09-15,2022-09-15,Service payment - Medina and Sons,REF77860930,0.0,2086.56,209343.09
2022-09-15,2022-09-15,Payment from Cunningham-Barton,REF63937393,0.0,1350.42,210693.51
2022-09-15,2022-09-15,Project payment - Dunn-Wilson,REF76563047,0.0,896.07,211589.58
2022-09-21,2022-09-21,Training/conference,REF62067669,94.99,0.0,211494.59
2022-09-22,2022-09-22,Equipment purchase,REF18608536,72.3,0.0,211422.29
2022-09-26,2022-09-26,Internet and phone service,REF50314532,40.57,0.0,211381.72
2022-09-26,2022-09-26,Office supplies,REF70049705,36.64,0.0,211345.08
2022-10-01,2022-10-01,Office supplies,REF79445508,51.92,0.0,211293.16
2022-10-03,2022-10-03,Business travel,REF69006521,265.6,0.0,211027.56
2022-10-03,2022-10-03,Office supplies,REF46435934,58.24,0.0,210969.32
2022-10-06,2022-10-06,Office supplies,REF90224710,58.73,0.0,210910.59
2022-10-09,2022-10-09,Office supplies,REF79154639,64.73,0.0,210845.86
2022-10-09,2022-10-09,Software subscription,REF63219979,178.21,0.0,210667.65
2022-10-10,2022-10-10,Marketing expenses,REF98668896,193.75,0.0,210473.9
2022-10-13,2022-10-13,Training/conference,REF50829566,152.26,0.0,210321.64
2022-10-15,2022-10-15,Project payment - Dunn-Wilson,REF29777355,0.0,1394.23,211715.87
2022-10-15,2022-10-15,Payment from Cunningham-Barton,REF37769801,0.0,1615.78,213331.65
2022-10-15,2022-10-15,Business insurance premium,REF96163722,140.74,0.0,213190.91
2022-10-15,2022-10-15,Payment from Medina and Sons,REF47526247,0.0,1964.21,215155.12
2022-10-16,2022-10-16,Marketing expenses,REF72710676,162.72,0.0,214992.4
2022-10-17,2022-10-17,Internet and phone service,REF73049500,122.81,0.0,214869.59
2022-10-21,2022-10-21,Office supplies,REF19072354,14.01,0.0,214855.58
2022-10-28,2022-10-28,Equipment purchase,REF43214948,158.43,0.0,214697.15
2022-11-07,2022-11-07,Business travel,REF59756727,191.96,0.0,214505.19
2022-11-08,2022-11-08,Office supplies,REF30680373,47.14,0.0,214458.05
2022-11-09,2022-11-09,Software subscription,REF85988148,151.9,0.0,214306.15
2022-11-15,2022-11-15,Payment from Medina and Sons,REF88926818,0.0,1864.16,216170.31
2022-11-15,2022-11-15,Business insurance premium,REF51091126,123.95,0.0,216046.36
2022-11-17,2022-11-17,Office supplies,REF25644091,62.65,0.0,215983.71
2022-11-18,2022-11-18,Office supplies,REF71445574,64.75,0.0,215918.96
2022-11-20,2022-11-20,Office supplies,REF30782418,25.79,0.0,215893.17
2022-11-27,2022-11-27,Office supplies,REF60431156,83.83,0.0,215809.34
2022-11-27,2022-11-27,Business travel,REF30498343,160.44,0.0,215648.9
2022-12-07,2022-12-07,Training/conference,REF69724883,73.8,0.0,215575.1
2022-12-09,2022-12-09,Software subscription,REF12259116,147.35,0.0,215427.75
2022-12-10,2022-12-10,Office supplies,REF43167852,34.4,0.0,215393.35
2022-12-11,2022-12-11,Marketing expenses,REF41766617,179.26,0.0,215214.09
2022-12-12,2022-12-12,Business travel,REF22311775,127.38,0.0,215086.71
2022-12-15,2022-12-15,Project payment - Dunn-Wilson,REF10896989,0.0,1057.38,216144.09
2022-12-15,2022-12-15,Service payment - Cunningham-Barton,REF72514547,0.0,1417.14,217561.23
2022-12-15,2022-12-15,Business insurance premium,REF67664114,107.18,0.0,217454.05
2022-12-20,2022-12-20,Training/conference,REF26636268,59.88,0.0,217394.17
2022-12-21,2022-12-21,Business travel,REF92687701,135.69,0.0,217258.48
2022-12-22,2022-12-22,Professional services,REF35643377,227.61,0.0,217030.87
2022-12-22,2022-12-22,Internet and phone service,REF44981547,53.82,0.0,216977.05
2022-12-23,2022-12-23,Business travel,REF52600034,159.56,0.0,216817.49
2022-12-26,2022-12-26,Marketing expenses,REF15287519,63.07,0.0,216754.42
2022-12-28,2022-12-28,Professional services,REF60878803,398.49,0.0,216355.93
2023-01-02,2023-01-02,Office supplies,REF37275786,58.51,0.0,216297.42
2023-01-09,2023-01-09,Software subscription,REF45933267,114.22,0.0,216183.2
2023-01-13,2023-01-13,Internet and phone service,REF89729440,67.79,0.0,216115.41
2023-01-15,2023-01-15,Business insurance premium,REF97048195,95.46,0.0,216019.95
2023-01-15,2023-01-15,Project payment - Cunningham-Barton,REF59893594,0.0,1011.62,217031.57
2023-01-15,2023-01-15,Project payment - Dunn-Wilson,REF90565688,0.0,1013.11,218044.68
2023-01-17,2023-01-17,Office supplies,REF63862164,64.0,0.0,217980.68
2023-01-19,2023-01-19,Training/conference,REF86721980,80.48,0.0,217900.2
2023-01-21,2023-01-21,Training/conference,REF32568368,41.92,0.0,217858.28
2023-01-21,2023-01-21,Equipment purchase,REF90172473,100.84,0.0,217757.44
2023-01-28,2023-01-28,Office supplies,REF36199092,21.04,0.0,217736.4
2023-01-31,2023-01-31,Office supplies,REF45960013,27.72,0.0,217708.68
2023-02-05,2023-02-05,Office supplies,REF21290872,71.98,0.0,217636.7
2023-02-05,2023-02-05,Professional services,REF57261234,200.96,0.0,217435.74
2023-02-05,2023-02-05,Internet and phone service,REF67753557,75.74,0.0,217360.0
2023-02-09,2023-02-09,Software subscription,REF90195382,157.59,0.0,217202.41
2023-02-15,2023-02-15,Invoice payment - Cunningham-Barton,REF21950337,0.0,1271.27,218473.68
2023-02-15,2023-02-15,Project payment - Dunn-Wilson,REF86941637,0.0,1206.0,219679.68
2023-02-15,2023-02-15,Service payment - Medina and Sons,REF43481677,0.0,1098.43,220778.11
2023-02-15,2023-02-15,Business insurance premium,REF54767573,108.62,0.0,220669.49
2023-02-21,2023-02-21,Professional services,REF58345555,249.68,0.0,220419.81
2023-02-22,2023-02-22,Office supplies,REF88840039,46.04,0.0,220373.77
2023-02-23,2023-02-23,Professional services,REF95232922,208.66,0.0,220165.11
2023-02-23,2023-02-23,Marketing expenses,REF96321865,246.9,0.0,219918.21
2023-02-25,2023-02-25,Office supplies,REF67883100,42.62,0.0,219875.59
2023-03-03,2023-03-03,Business travel,REF55660099,228.4,0.0,219647.19
2023-03-05,2023-03-05,Equipment purchase,REF79585832,132.02,0.0,219515.17
2023-03-08,2023-03-08,Office supplies,REF58163742,60.5,0.0,219454.67
2023-03-09,2023-03-09,Equipment purchase,REF78729875,123.98,0.0,219330.69
2023-03-09,2023-03-09,Software subscription,REF34552204,141.51,0.0,219189.18
2023-03-10,2023-03-10,Business travel,REF38814820,217.78,0.0,218971.4
2023-03-10,2023-03-10,Marketing expenses,REF79644064,323.93,0.0,218647.47
2023-03-13,2023-03-13,Office supplies,REF86662530,33.13,0.0,218614.34
2023-03-15,2023-03-15,Business insurance premium,REF48217872,128.92,0.0,218485.42
2023-03-15,2023-03-15,Service payment - Medina and Sons,REF29342011,0.0,2508.86,220994.28
2023-03-15,2023-03-15,Invoice payment - Dunn-Wilson,REF22378394,0.0,1485.23,222479.51
2023-03-15,2023-03-15,Payment from Cunningham-Barton,REF14524534,0.0,1471.53,223951.04
2023-03-17,2023-03-17,Office supplies,REF30964737,45.78,0.0,223905.26
2023-03-20,2023-03-20,Office supplies,REF45837800,66.77,0.0,223838.49
2023-03-22,2023-03-22,Internet and phone service,REF71404493,75.58,0.0,223762.91
2023-03-23,2023-03-23,Office supplies,REF18926841,74.87,0.0,223688.04
2023-03-24,2023-03-24,Equipment purchase,REF16695525,99.14,0.0,223588.9
2023-03-28,2023-03-28,Marketing expenses,REF43667230,214.72,0.0,223374.18
2023-03-30,2023-03-30,Training/conference,REF65929084,101.23,0.0,223272.95
2023-03-31,2023-03-31,Training/conference,REF53171022,137.05,0.0,223135.9
2023-04-02,2023-04-02,Marketing expenses,REF67250931,154.02,0.0,222981.88
2023-04-07,2023-04-07,Professional services,REF44309281,202.75,0.0,222779.13
2023-04-07,2023-04-07,Internet and phone service,REF46370099,80.34,0.0,222698.79
2023-04-09,2023-04-09,Software subscription,REF52595222,190.56,0.0,222508.23
2023-04-14,2023-04-14,Training/conference,REF68929206,83.65,0.0,222424.58
2023-04-15,2023-04-15,Project payment - Cunningham-Barton,REF66111079,0.0,1243.64,223668.22
2023-04-15,2023-04-15,Business insurance premium,REF84033698,121.96,0.0,223546.26
2023-04-15,2023-04-15,Invoice payment - Dunn-Wilson,REF44053634,0.0,1335.44,224881.7
2023-04-15,2023-04-15,Invoice payment - Medina and Sons,REF11798547,0.0,2025.5,226907.2
2023-04-28,2023-04-28,Professional services,REF13690277,252.5,0.0,226654.7
2023-04-29,2023-04-29,Marketing expenses,REF64286690,203.99,0.0,226450.71
2023-04-29,2023-04-29,Professional services,REF94638417,126.55,0.0,226324.16
2023-04-30,2023-04-30,Marketing expenses,REF40201865,112.57,0.0,226211.59
2023-05-03,2023-05-03,Professional services,REF92175299,313.69,0.0,225897.9
2023-05-03,2023-05-03,Business travel,REF89269050,140.58,0.0,225757.32
2023-05-08,2023-05-08,Marketing expenses,REF22711083,165.1,0.0,225592.22
2023-05-09,2023-05-09,Software subscription,REF96140855,148.08,0.0,225444.14
2023-05-14,2023-05-14,Office supplies,REF10376474,57.68,0.0,225386.46
2023-05-15,2023-05-15,Business insurance premium,REF62821213,129.16,0.0,225257.3
2023-05-15,2023-05-15,Service payment - Dunn-Wilson,REF89551135,0.0,1286.55,226543.85
2023-05-15,2023-05-15,Service payment - Cunningham-Barton,REF54025380,0.0,1596.08,228139.93
2023-05-15,2023-05-15,Project payment - Medina and Sons,REF99448402,0.0,1566.8,229706.73
2023-05-16,2023-05-16,Office supplies,REF19103257,62.11,0.0,229644.62
2023-05-24,2023-05-24,Marketing expenses,REF45471226,275.04,0.0,229369.58
2023-05-26,2023-05-26,Equipment purchase,REF34683375,141.77,0.0,229227.81
2023-05-30,2023-05-30,Office supplies,REF73285445,64.3,0.0,229163.51
2023-06-01,2023-06-01,Office supplies,REF42809752,41.29,0.0,229122.22
2023-06-01,2023-06-01,Equipment purchase,REF90061941,82.1,0.0,229040.12
2023-06-02,2023-06-02,Office supplies,REF84869953,57.07,0.0,228983.05
2023-06-05,2023-06-05,Training/conference,REF92813424,74.09,0.0,228908.96
2023-06-07,2023-06-07,Business travel,REF56603268,157.08,0.0,228751.88
2023-06-08,2023-06-08,Equipment purchase,REF59191012,108.88,0.0,228643.0
2023-06-09,2023-06-09,Software subscription,REF35478051,146.32,0.0,228496.68
2023-06-10,2023-06-10,Office supplies,REF45734888,42.0,0.0,228454.68
2023-06-15,2023-06-15,Business insurance premium,REF92179333,107.4,0.0,228347.28
2023-06-15,2023-06-15,Project payment - Cunningham-Barton,REF16449132,0.0,1126.82,229474.1
2023-06-15,2023-06-15,Service payment - Medina and Sons,REF85647887,0.0,1332.6,230806.7
2023-06-19,2023-06-19,Equipment purchase,REF85774770,106.06,0.0,230700.64
2023-06-21,2023-06-21,Marketing expenses,REF67389740,215.39,0.0,230485.25
2023-06-22,2023-06-22,Training/conference,REF12199502,76.04,0.0,230409.21
2023-06-23,2023-06-23,Business travel,REF55593401,121.1,0.0,230288.11
2023-07-05,2023-07-05,Office supplies,REF12753454,51.96,0.0,230236.15
2023-07-09,2023-07-09,Software subscription,REF83174491,131.87,0.0,230104.28
2023-07-11,2023-07-11,Office supplies,REF23605363,38.34,0.0,230065.94
2023-07-15,2023-07-15,Business insurance premium,REF62797802,100.76,0.0,229965.18
2023-07-15,2023-07-15,Payment from Medina and Sons,REF90192543,0.0,1265.53,231230.71
2023-07-15,2023-07-15,Invoice payment - Cunningham-Barton,REF53631657,0.0,629.89,231860.6
2023-07-15,2023-07-15,Project payment - Dunn-Wilson,REF99202542,0.0,1333.73,233194.33
2023-07-17,2023-07-17,Training/conference,REF63663653,43.61,0.0,233150.72
2023-07-19,2023-07-19,Internet and phone service,REF51501346,86.46,0.0,233064.26
2023-07-23,2023-07-23,Office supplies,REF55613512,37.23,0.0,233027.03
2023-07-29,2023-07-29,Office supplies,REF36733753,41.22,0.0,232985.81
2023-07-30,2023-07-30,Office supplies,REF14720865,47.19,0.0,232938.62
2023-07-31,2023-07-31,Professional services,REF41105316,225.72,0.0,232712.9
2023-08-03,2023-08-03,Office supplies,REF22575996,27.4,0.0,232685.5
2023-08-03,2023-08-03,Equipment purchase,REF77481987,23.08,0.0,232662.42
2023-08-05,2023-08-05,Internet and phone service,REF87126506,77.14,0.0,232585.28
2023-08-09,2023-08-09,Software subscription,REF17940418,96.16,0.0,232489.12
2023-08-15,2023-08-15,Business insurance premium,REF24766082,79.71,0.0,232409.41
2023-08-15,2023-08-15,Service payment - Medina and Sons,REF72753531,0.0,1387.92,233797.33
2023-08-15,2023-08-15,Invoice payment - Dunn-Wilson,REF63508596,0.0,900.03,234697.36
2023-08-15,2023-08-15,Project payment - Cunningham-Barton,REF66254377,0.0,852.21,235549.57
2023-08-21,2023-08-21,Office supplies,REF78411798,52.19,0.0,235497.38
2023-08-25,2023-08-25,Professional services,REF64538521,222.12,0.0,235275.26
2023-08-29,2023-08-29,Business travel,REF82079512,71.27,0.0,235203.99
2023-08-31,2023-08-31,Office supplies,REF29061462,55.11,0.0,235148.88
2023-09-01,2023-09-01,Equipment purchase,REF47404252,53.4,0.0,235095.48
2023-09-02,2023-09-02,Internet and phone service,REF44061328,130.89,0.0,234964.59
2023-09-03,2023-09-03,Internet and phone service,REF47482061,40.08,0.0,234924.51
2023-09-04,2023-09-04,Business travel,REF44855484,136.0,0.0,234788.51
2023-09-09,2023-09-09,Software subscription,REF96680198,161.42,0.0,234627.09
2023-09-09,2023-09-09,Office supplies,REF31294698,37.4,0.0,234589.69
2023-09-15,2023-09-15,Business insurance premium,REF95139785,132.39,0.0,234457.3
2023-09-15,2023-09-15,Project payment - Medina and Sons,REF17358686,0.0,1887.44,236344.74
2023-09-15,2023-09-15,Invoice payment - Dunn-Wilson,REF61708895,0.0,1266.18,237610.92
2023-09-15,2023-09-15,Project payment - Cunningham-Barton,REF68827433,0.0,1365.33,238976.25
2023-09-16,2023-09-16,Professional services,REF60617103,402.57,0.0,238573.68
2023-09-16,2023-09-16,Office supplies,REF95942113,38.51,0.0,238535.17
2023-09-17,2023-09-17,Business travel,REF37945348,75.85,0.0,238459.32
2023-09-21,2023-09-21,Office supplies,REF17192155,69.14,0.0,238390.18
2023-10-05,2023-10-05,Marketing expenses,REF75765067,300.07,0.0,238090.11
2023-10-05,2023-10-05,Office supplies,REF40039811,69.35,0.0,238020.76
2023-10-09,2023-10-09,Equipment purchase,REF41988967,133.68,0.0,237887.08
2023-10-09,2023-10-09,Internet and phone service,REF44256772,89.2,0.0,237797.88
2023-10-09,2023-10-09,Software subscription,REF79156145,158.24,0.0,237639.64
2023-10-09,2023-10-09,Office supplies,REF92529709,72.17,0.0,237567.47
2023-10-10,2023-10-10,Equipment purchase,REF46455604,164.97,0.0,237402.5
2023-10-10,2023-10-10,Business travel,REF99597483,171.95,0.0,237230.55
2023-10-11,2023-10-11,Business travel,REF89673572,200.53,0.0,237030.02
2023-10-14,2023-10-14,Internet and phone service,REF62755975,96.32,0.0,236933.7
2023-10-15,2023-10-15,Business insurance premium,REF84331725,152.78,0.0,236780.92
2023-10-15,2023-10-15,Invoice payment - Cunningham-Barton,REF82731808,0.0,1454.25,238235.17
2023-10-15,2023-10-15,Project payment - Medina and Sons,REF55301715,0.0,2271.43,240506.6
2023-10-15,2023-10-15,Service payment - Dunn-Wilson,REF89229626,0.0,1588.56,242095.16
2023-10-16,2023-10-16,Equipment purchase,REF28155741,87.79,0.0,242007.37
2023-10-30,2023-10-30,Equipment purchase,REF32106295,109.56,0.0,241897.81
2023-11-06,2023-11-06,Training/conference,REF32843605,75.5,0.0,241822.31
2023-11-09,2023-11-09,Software subscription,REF89292073,182.48,0.0,241639.83
2023-11-09,2023-11-09,Marketing expenses,REF67601501,163.94,0.0,241475.89
2023-11-11,2023-11-11,Office supplies,REF85103611,77.45,0.0,241398.44
2023-11-12,2023-11-12,Internet and phone service,REF38029155,90.68,0.0,241307.76
2023-11-15,2023-11-15,Business insurance premium,REF18077810,125.48,0.0,241182.28
2023-11-15,2023-11-15,Service payment - Medina and Sons,REF25347671,0.0,1919.71,243101.99
2023-11-15,2023-11-15,Office supplies,REF71902669,89.14,0.0,243012.85
2023-11-15,2023-11-15,Invoice payment - Cunningham-Barton,REF23518678,0.0,1821.84,244834.69
2023-11-24,2023-11-24,Office supplies,REF64948624,48.13,0.0,244786.56
2023-11-25,2023-11-25,Marketing expenses,REF54683110,206.99,0.0,244579.57
2023-11-28,2023-11-28,Marketing expenses,REF69129119,177.4,0.0,244402.17
2023-12-01,2023-12-01,Training/conference,REF19300378,111.68,0.0,244290.49
2023-12-05,2023-12-05,Equipment purchase,REF51713253,155.34,0.0,244135.15
2023-12-06,2023-12-06,Business travel,REF68777658,149.2,0.0,243985.95
2023-12-06,2023-12-06,Equipment purchase,REF49027533,109.07,0.0,243876.88
2023-12-08,2023-12-08,Business travel,REF56169039,145.74,0.0,243731.14
2023-12-09,2023-12-09,Software subscription,REF24083513,140.36,0.0,243590.78
2023-12-12,2023-12-12,Office supplies,REF62192064,34.78,0.0,243556.0
2023-12-15,2023-12-15,Marketing expenses,REF65429065,182.61,0.0,243373.39
2023-12-15,2023-12-15,Payment from Dunn-Wilson,REF51073315,0.0,1103.21,244476.6
2023-12-15,2023-12-15,Payment from Cunningham-Barton,REF20185063,0.0,829.27,245305.87
2023-12-15,2023-12-15,Service payment - Medina and Sons,REF61162921,0.0,1440.4,246746.27
2023-12-15,2023-12-15,Business insurance premium,REF52783627,108.3,0.0,246637.97
2023-12-19,2023-12-19,Internet and phone service,REF39081857,70.94,0.0,246567.03
2023-12-19,2023-12-19,Business travel,REF11110878,155.41,0.0,246411.62
2023-12-22,2023-12-22,Office supplies,REF78448958,48.47,0.0,246363.15
2023-12-24,2023-12-24,Business travel,REF93407898,103.64,0.0,246259.51
2024-01-02,2024-01-02,Training/conference,REF48664372,101.97,0.0,246157.54
2024-01-05,2024-01-05,Equipment purchase,REF62193114,51.56,0.0,246105.98
2024-01-08,2024-01-08,Marketing expenses,REF31198166,120.87,0.0,245985.11
2024-01-09,2024-01-09,Software subscription,REF92007971,136.08,0.0,245849.03
2024-01-14,2024-01-14,Professional services,REF91193747,173.22,0.0,245675.81
2024-01-15,2024-01-15,Business insurance premium,REF39649591,94.66,0.0,245581.15
2024-01-15,2024-01-15,Invoice payment - Dunn-Wilson,REF34280813,0.0,1009.71,246590.86
2024-01-15,2024-01-15,Project payment - Cunningham-Barton,REF68169356,0.0,1200.73,247791.59
2024-01-15,2024-01-15,Service payment - Medina and Sons,REF83557944,0.0,1770.4,249561.99
2024-01-16,2024-01-16,Office supplies,REF48538978,26.91,0.0,249535.08
2024-01-24,2024-01-24,Equipment purchase,REF50425891,99.68,0.0,249435.4
2024-01-26,2024-01-26,Office supplies,REF75059430,48.22,0.0,249387.18
2024-02-04,2024-02-04,Internet and phone service,REF41698707,107.1,0.0,249280.08
2024-02-07,2024-02-07,Office supplies,REF18937317,53.93,0.0,249226.15
2024-02-09,2024-02-09,Software subscription,REF88026520,149.23,0.0,249076.92
2024-02-09,2024-02-09,Internet and phone service,REF56997109,55.84,0.0,249021.08
2024-02-12,2024-02-12,Professional services,REF31041147,160.97,0.0,248860.11
2024-02-15,2024-02-15,Service payment - Medina and Sons,REF41270387,0.0,1799.83,250659.94
2024-02-15,2024-02-15,Business insurance premium,REF15517243,109.49,0.0,250550.45
2024-02-15,2024-02-15,Payment from Cunningham-Barton,REF66175060,0.0,1249.07,251799.52
2024-02-16,2024-02-16,Marketing expenses,REF72980859,200.16,0.0,251599.36
2024-02-24,2024-02-24,Internet and phone service,REF70895536,91.41,0.0,251507.95
2024-03-05,2024-03-05,Marketing expenses,REF68417911,5.0,0.0,251502.95
2024-03-08,2024-03-08,Marketing expenses,REF88144315,221.24,0.0,251281.71
2024-03-09,2024-03-09,Software subscription,REF83829137,165.53,0.0,251116.18
2024-03-11,2024-03-11,Equipment purchase,REF83053919,69.19,0.0,251046.99
2024-03-14,2024-03-14,Marketing expenses,REF54130698,233.63,0.0,250813.36
2024-03-15,2024-03-15,Business insurance premium,REF65568311,125.93,0.0,250687.43
2024-03-15,2024-03-15,Payment from Medina and Sons,REF51949514,0.0,1896.11,252583.54
2024-03-15,2024-03-15,Payment from Dunn-Wilson,REF81857612,0.0,1343.74,253927.28
2024-03-19,2024-03-19,Marketing expenses,REF11804267,266.17,0.0,253661.11
2024-03-20,2024-03-20,Office supplies,REF83253316,24.82,0.0,253636.29
2024-03-20,2024-03-20,Marketing expenses,REF46940333,302.29,0.0,253334.0
2024-03-21,2024-03-21,Business travel,REF46689580,159.55,0.0,253174.45
2024-03-25,2024-03-25,Marketing expenses,REF31201945,336.66,0.0,252837.79
2024-04-01,2024-04-01,Business travel,REF21218152,184.07,0.0,252653.72
2024-04-01,2024-04-01,Training/conference,REF68791278,87.9,0.0,252565.82
2024-04-04,2024-04-04,Marketing expenses,REF92523441,274.81,0.0,252291.01
2024-04-06,2024-04-06,Training/conference,REF50813835,107.99,0.0,252183.02
2024-04-06,2024-04-06,Office supplies,REF74019461,80.14,0.0,252102.88
2024-04-09,2024-04-09,Software subscription,REF82166629,129.58,0.0,251973.3
2024-04-13,2024-04-13,Office supplies,REF65464381,47.51,0.0,251925.79
2024-04-15,2024-04-15,Service payment - Cunningham-Barton,REF65272877,0.0,867.49,252793.28
2024-04-15,2024-04-15,Project payment - Dunn-Wilson,REF74727044,0.0,901.61,253694.89
2024-04-15,2024-04-15,Project payment - Medina and Sons,REF57481863,0.0,1949.7,255644.59
2024-04-15,2024-04-15,Business insurance premium,REF53293318,125.86,0.0,255518.73
2024-04-17,2024-04-17,Internet and phone service,REF88115613,43.03,0.0,255475.7
2024-04-18,2024-04-18,Office supplies,REF83850412,49.04,0.0,255426.66
2024-04-21,2024-04-21,Office supplies,REF23553105,52.91,0.0,255373.75
2024-04-22,2024-04-22,Office supplies,REF55413361,48.31,0.0,255325.44
2024-04-26,2024-04-26,Equipment purchase,REF15309593,167.85,0.0,255157.59
2024-05-04,2024-05-04,Professional services,REF80031314,310.08,0.0,254847.51
2024-05-05,2024-05-05,Business travel,REF64623903,196.8,0.0,254650.71
2024-05-09,2024-05-09,Software subscription,REF49427724,123.89,0.0,254526.82
2024-05-11,2024-05-11,Office supplies,REF34980795,37.54,0.0,254489.28
2024-05-14,2024-05-14,Marketing expenses,REF21839266,225.39,0.0,254263.89
2024-05-15,2024-05-15,Business insurance premium,REF74991738,102.47,0.0,254161.42
2024-05-15,2024-05-15,Service payment - Dunn-Wilson,REF64280513,0.0,1217.78,255379.2
2024-05-15,2024-05-15,Invoice payment - Cunningham-Barton,REF67865537,0.0,1078.31,256457.51
2024-05-15,2024-05-15,Invoice payment - Medina and Sons,REF75629700,0.0,1262.7,257720.21
2024-05-15,2024-05-15,Office supplies,REF44512034,27.56,0.0,257692.65
2024-05-22,2024-05-22,Office supplies,REF65218842,48.38,0.0,257644.27
2024-05-24,2024-05-24,Internet and phone service,REF82877982,111.91,0.0,257532.36
2024-05-26,2024-05-26,Training/conference,REF77178329,91.93,0.0,257440.43
2024-05-29,2024-05-29,Equipment purchase,REF76056435,129.37,0.0,257311.06
2024-05-31,2024-05-31,Business travel,REF25287353,135.64,0.0,257175.42
2024-05-31,2024-05-31,Professional services,REF63473718,267.75,0.0,256907.67
2024-06-08,2024-06-08,Equipment purchase,REF25164920,123.02,0.0,256784.65
2024-06-09,2024-06-09,Software subscription,REF16371889,122.14,0.0,256662.51
2024-06-12,2024-06-12,Business travel,REF23701281,101.76,0.0,256560.75
2024-06-13,2024-06-13,Internet and phone service,REF30342907,104.32,0.0,256456.43
2024-06-15,2024-06-15,Project payment - Medina and Sons,REF11802029,0.0,1555.71,258012.14
2024-06-15,2024-06-15,Business insurance premium,REF61746353,110.06,0.0,257902.08
2024-06-15,2024-06-15,Invoice payment - Cunningham-Barton,REF18193483,0.0,1106.69,259008.77
2024-06-15,2024-06-15,Service payment - Dunn-Wilson,REF73529467,0.0,1218.51,260227.28
2024-06-22,2024-06-22,Business travel,REF46526274,165.49,0.0,260061.79
2024-07-01,2024-07-01,Internet and phone service,REF55029215,56.9,0.0,260004.89
2024-07-02,2024-07-02,Office supplies,REF85081037,18.8,0.0,259986.09
2024-07-03,2024-07-03,Internet and phone service,REF66020128,73.35,0.0,259912.74
2024-07-06,2024-07-06,Internet and phone service,REF14661152,50.63,0.0,259862.11
2024-07-08,2024-07-08,Internet and phone service,REF50215944,64.99,0.0,259797.12
2024-07-09,2024-07-09,Software subscription,REF98573279,121.53,0.0,259675.59
2024-07-11,2024-07-11,Professional services,REF53073813,170.02,0.0,259505.57
2024-07-12,2024-07-12,Equipment purchase,REF15043765,81.76,0.0,259423.81
2024-07-14,2024-07-14,Training/conference,REF37912202,90.98,0.0,259332.83
2024-07-15,2024-07-15,Office supplies,REF25986102,53.74,0.0,259279.09
2024-07-15,2024-07-15,Marketing expenses,REF93086652,103.07,0.0,259176.02
2024-07-15,2024-07-15,Payment from Dunn-Wilson,REF20552549,0.0,1001.74,260177.76
2024-07-15,2024-07-15,Professional services,REF40236442,222.38,0.0,259955.38
2024-07-15,2024-07-15,Payment from Medina and Sons,REF92125464,0.0,1285.95,261241.33
2024-07-15,2024-07-15,Business insurance premium,REF42287371,93.23,0.0,261148.1
2024-07-16,2024-07-16,Business travel,REF83787491,128.21,0.0,261019.89
2024-07-21,2024-07-21,Business travel,REF41081827,156.56,0.0,260863.33
2024-07-23,2024-07-23,Training/conference,REF72938521,90.79,0.0,260772.54
2024-07-24,2024-07-24,Equipment purchase,REF93583803,43.94,0.0,260728.6
2024-07-30,2024-07-30,Office supplies,REF27323198,11.91,0.0,260716.69
2024-08-06,2024-08-06,Training/conference,REF64009384,68.92,0.0,260647.77
2024-08-06,2024-08-06,Internet and phone service,REF93126986,62.03,0.0,260585.74
2024-08-09,2024-08-09,Office supplies,REF84666478,44.17,0.0,260541.57
2024-08-09,2024-08-09,Software subscription,REF87187864,104.96,0.0,260436.61
2024-08-10,2024-08-10,Business travel,REF26456396,77.08,0.0,260359.53
2024-08-10,2024-08-10,Internet and phone service,REF94003733,52.48,0.0,260307.05
2024-08-13,2024-08-13,Office supplies,REF18000867,22.04,0.0,260285.01
2024-08-15,2024-08-15,Payment from Cunningham-Barton,REF43314391,0.0,862.12,261147.13
2024-08-15,2024-08-15,Invoice payment - Dunn-Wilson,REF50920832,0.0,1038.19,262185.32
2024-08-15,2024-08-15,Business insurance premium,REF28159515,85.09,0.0,262100.23
2024-08-15,2024-08-15,Payment from Medina and Sons,REF65248444,0.0,1121.22,263221.45
2016-08-19,2016-08-19,Business travel,REF86893497,86.7,0.0,6436.33
2016-08-21,2016-08-21,Business travel,REF54738553,108.0,0.0,6328.33
2016-08-23,2016-08-23,Business travel,REF65105831,142.83,0.0,6185.5
2016-08-23,2016-08-23,Training/conference,REF96544585,66.3,0.0,6119.2
2016-08-24,2016-08-24,Business travel,REF62562567,45.92,0.0,6073.28
2016-08-26,2016-08-26,Office supplies,REF51542436,50.42,0.0,6022.86
2016-08-27,2016-08-27,Professional services,REF70736972,116.0,0.0,5906.86
2016-08-30,2016-08-30,Equipment purchase,REF47876684,90.18,0.0,5816.68
2016-09-02,2016-09-02,Training/conference,REF95447809,150.82,0.0,5665.86
2016-09-04,2016-09-04,Business travel,REF96641503,88.24,0.0,5577.62
2016-09-08,2016-09-08,Business travel,REF31739356,179.51,0.0,5398.11
2016-09-09,2016-09-09,Software subscription,REF33705256,182.31,0.0,5215.8
2016-09-12,2016-09-12,Marketing expenses,REF52058334,211.81,0.0,5003.99
2016-09-12,2016-09-12,Internet and phone service,REF22707035,59.73,0.0,4944.26
2016-09-13,2016-09-13,Office supplies,REF73967150,67.22,0.0,4877.04
2016-09-14,2016-09-14,Business travel,REF80286689,189.5,0.0,4687.54
2016-09-14,2016-09-14,Equipment purchase,REF46253447,70.95,0.0,4616.59
2016-09-15,2016-09-15,Equipment purchase,REF83204793,84.53,0.0,4532.06
2016-09-15,2016-09-15,"Invoice payment - Rodriguez, Figueroa and Sanchez",REF53381573,0.0,1919.16,6451.22
2016-09-15,2016-09-15,Project payment - Doyle Ltd,REF94890726,0.0,1614.99,8066.21
2016-09-15,2016-09-15,Business insurance premium,REF54910237,132.1,0.0,7934.11
2016-09-17,2016-09-17,Training/conference,REF73362116,164.82,0.0,7769.29
2016-09-18,2016-09-18,Office supplies,REF75732489,64.9,0.0,7704.39
2016-10-04,2016-10-04,Office supplies,REF30812709,60.18,0.0,7644.21
2016-10-05,2016-10-05,Business travel,REF65454431,212.35,0.0,7431.86
2016-10-09,2016-10-09,Software subscription,REF69994988,175.77,0.0,7256.09
2016-10-14,2016-10-14,Training/conference,REF32064334,103.89,0.0,7152.2
2016-10-15,2016-10-15,Business insurance premium,REF69387253,160.86,0.0,6991.34
2016-10-15,2016-10-15,"Payment from Mcclain, Miller and Henderson",REF25734209,0.0,1600.47,8591.81
2016-10-15,2016-10-15,Payment from Doyle Ltd,REF61628164,0.0,1949.48,10541.29
2016-10-15,2016-10-15,"Project payment - Rodriguez, Figueroa and Sanchez",REF79562616,0.0,2567.88,13109.17
2016-10-17,2016-10-17,Business travel,REF92716910,207.79,0.0,12901.38
2016-10-18,2016-10-18,Internet and phone service,REF32937902,101.13,0.0,12800.25
2016-10-19,2016-10-19,Training/conference,REF57756479,107.1,0.0,12693.15
2016-10-22,2016-10-22,Business travel,REF91861231,146.68,0.0,12546.47
2016-10-23,2016-10-23,Training/conference,REF57870026,126.26,0.0,12420.21
2016-11-08,2016-11-08,Professional services,REF46346859,349.9,0.0,12070.31
2016-11-09,2016-11-09,Software subscription,REF86796917,168.69,0.0,11901.62
2016-11-10,2016-11-10,Equipment purchase,REF37915002,112.42,0.0,11789.2
2016-11-10,2016-11-10,Office supplies,REF98121122,46.83,0.0,11742.37
2016-11-11,2016-11-11,Marketing expenses,REF41299028,132.94,0.0,11609.43
2016-11-13,2016-11-13,Office supplies,REF77812526,62.09,0.0,11547.34
2016-11-14,2016-11-14,Training/conference,REF21484508,202.27,0.0,11345.07
2016-11-14,2016-11-14,Professional services,REF54489781,303.13,0.0,11041.94
2016-11-15,2016-11-15,"Invoice payment - Mcclain, Miller and Henderson",REF99323229,0.0,2253.86,13295.8
2016-11-15,2016-11-15,"Invoice payment - Rodriguez, Figueroa and Sanchez",REF83678496,0.0,1944.95,15240.75
2016-11-15,2016-11-15,Business insurance premium,REF74910615,136.0,0.0,15104.75
2016-11-15,2016-11-15,Payment from Doyle Ltd,REF50473321,0.0,1367.92,16472.67
2016-11-25,2016-11-25,Internet and phone service,REF32564965,89.02,0.0,16383.65
2016-11-27,2016-11-27,Office supplies,REF68701337,50.92,0.0,16332.73
2016-12-01,2016-12-01,Business travel,REF48499601,143.41,0.0,16189.32
2016-12-04,2016-12-04,Professional services,REF50057648,222.66,0.0,15966.66
2016-12-09,2016-12-09,Software subscription,REF34440805,139.64,0.0,15827.02
2016-12-09,2016-12-09,Business travel,REF80706570,155.52,0.0,15671.5
2016-12-10,2016-12-10,Internet and phone service,REF15809041,66.91,0.0,15604.59
2016-12-13,2016-12-13,Business travel,REF20528294,113.05,0.0,15491.54
2016-12-15,2016-12-15,Business insurance premium,REF31845218,108.94,0.0,15382.6
2016-12-15,2016-12-15,"Payment from Mcclain, Miller and Henderson",REF62374647,0.0,1711.11,17093.71
2016-12-15,2016-12-15,"Payment from Rodriguez, Figueroa and Sanchez",REF83663899,0.0,1499.7,18593.41
2016-12-19,2016-12-19,Equipment purchase,REF11074961,85.45,0.0,18507.96
2016-12-20,2016-12-20,Professional services,REF33991831,181.13,0.0,18326.83
2016-12-22,2016-12-22,Professional services,REF52721553,288.26,0.0,18038.57
2016-12-23,2016-12-23,Office supplies,REF60495701,44.02,0.0,17994.55
2016-12-23,2016-12-23,Training/conference,REF19734816,50.24,0.0,17944.31
2016-12-24,2016-12-24,Internet and phone service,REF43138881,68.13,0.0,17876.18
2016-12-24,2016-12-24,Business travel,REF98997222,105.36,0.0,17770.82
2016-12-26,2016-12-26,Office supplies,REF43283771,42.68,0.0,17728.14
2016-12-27,2016-12-27,Equipment purchase,REF58226615,54.6,0.0,17673.54
2016-12-30,2016-12-30,Internet and phone service,REF98111969,97.89,0.0,17575.65
2017-01-01,2017-01-01,Office supplies,REF43523310,33.13,0.0,17542.52
2017-01-07,2017-01-07,Office supplies,REF86794548,50.62,0.0,17491.9
2017-01-07,2017-01-07,Professional services,REF89638835,230.21,0.0,17261.69
2017-01-09,2017-01-09,Software subscription,REF89540080,122.21,0.0,17139.48
2017-01-14,2017-01-14,Office supplies,REF85488205,25.74,0.0,17113.74
2017-01-15,2017-01-15,"Invoice payment - Mcclain, Miller and Henderson",REF14338843,0.0,1332.81,18446.55
2017-01-15,2017-01-15,Business travel,REF43766262,136.99,0.0,18309.56
2017-01-15,2017-01-15,"Service payment - Rodriguez, Figueroa and Sanchez",REF12086213,0.0,1041.56,19351.12
2017-01-15,2017-01-15,Payment from Doyle Ltd,REF54810380,0.0,1106.63,20457.75
2017-01-15,2017-01-15,Business insurance premium,REF70251070,93.41,0.0,20364.34
2017-01-15,2017-01-15,Office supplies,REF44253388,31.4,0.0,20332.94
2017-01-21,2017-01-21,Office supplies,REF50670787,52.51,0.0,20280.43
2017-01-28,2017-01-28,Business travel,REF46968086,101.29,0.0,20179.14
2017-02-01,2017-02-01,Internet and phone service,REF42002177,66.84,0.0,20112.3
2017-02-02,2017-02-02,Business travel,REF53663896,157.14,0.0,19955.16
2017-02-03,2017-02-03,Marketing expenses,REF85968554,127.65,0.0,19827.51
2017-02-05,2017-02-05,Office supplies,REF50467715,50.63,0.0,19776.88
2017-02-07,2017-02-07,Professional services,REF28463212,199.08,0.0,19577.8
2017-02-07,2017-02-07,Internet and phone service,REF52537345,55.94,0.0,19521.86
2017-02-09,2017-02-09,Software subscription,REF93649971,103.91,0.0,19417.95
2017-02-12,2017-02-12,Office supplies,REF21963776,38.99,0.0,19378.96
2017-02-13,2017-02-13,Training/conference,REF33250723,69.57,0.0,19309.39
2017-02-13,2017-02-13,Office supplies,REF87510793,31.88,0.0,19277.51
2017-02-15,2017-02-15,"Project payment - Mcclain, Miller and Henderson",REF94749483,0.0,1392.64,20670.15
2017-02-15,2017-02-15,Business insurance premium,REF85677302,113.26,0.0,20556.89
2017-02-19,2017-02-19,Office supplies,REF26413806,58.53,0.0,20498.36
2017-02-21,2017-02-21,Equipment purchase,REF71983306,112.33,0.0,20386.03
2017-02-22,2017-02-22,Business travel,REF23822356,167.31,0.0,20218.72
2017-03-01,2017-03-01,Office supplies,REF92450685,48.2,0.0,20170.52
2017-03-06,2017-03-06,Office supplies,REF10658003,58.26,0.0,20112.26
2017-03-06,2017-03-06,Professional services,REF42382711,339.66,0.0,19772.6
2017-03-08,2017-03-08,Office supplies,REF15403252,48.78,0.0,19723.82
2017-03-09,2017-03-09,Software subscription,REF85542704,157.58,0.0,19566.24
2017-03-11,2017-03-11,Equipment purchase,REF15384935,82.64,0.0,19483.6
2017-03-15,2017-03-15,"Project payment - Mcclain, Miller and Henderson",REF43833647,0.0,1871.65,21355.25
2017-03-15,2017-03-15,Business insurance premium,REF40781302,134.24,0.0,21221.01
2017-03-15,2017-03-15,"Project payment - Rodriguez, Figueroa and Sanchez",REF46073939,0.0,1571.18,22792.19
2017-03-15,2017-03-15,Invoice payment - Doyle Ltd,REF64134634,0.0,1428.89,24221.08
2017-03-16,2017-03-16,Equipment purchase,REF54918675,92.1,0.0,24128.98
2017-03-22,2017-03-22,Business travel,REF13456653,215.92,0.0,23913.06
2017-03-23,2017-03-23,Professional services,REF65109050,166.37,0.0,23746.69
2017-03-25,2017-03-25,Professional services,REF44020414,87.15,0.0,23659.54
2017-03-30,2017-03-30,Marketing expenses,REF82098768,367.48,0.0,23292.06
2017-04-04,2017-04-04,Internet and phone service,REF42916781,85.79,0.0,23206.27
2017-04-08,2017-04-08,Internet and phone service,REF58968538,86.93,0.0,23119.34
2017-04-09,2017-04-09,Software subscription,REF88742439,158.03,0.0,22961.31
2017-04-09,2017-04-09,Business travel,REF90846200,181.87,0.0,22779.44
2017-04-10,2017-04-10,Equipment purchase,REF84090304,49.09,0.0,22730.35
2017-04-13,2017-04-13,Business travel,REF26794513,160.24,0.0,22570.11
2017-04-13,2017-04-13,Professional services,REF87198715,229.57,0.0,22340.54
2017-04-15,2017-04-15,Business insurance premium,REF89108265,124.42,0.0,22216.12
2017-04-15,2017-04-15,"Invoice payment - Mcclain, Miller and Henderson",REF36687290,0.0,1817.71,24033.83
2017-04-15,2017-04-15,"Invoice payment - Rodriguez, Figueroa and Sanchez",REF47375319,0.0,1480.98,25514.81
2017-04-27,2017-04-27,Professional services,REF44761183,158.45,0.0,25356.36
2017-04-29,2017-04-29,Training/conference,REF43957412,96.29,0.0,25260.07
2017-04-30,2017-04-30,Business travel,REF31777762,133.96,0.0,25126.11
2017-05-02,2017-05-02,Office supplies,REF55545655,78.21,0.0,25047.9
2017-05-02,2017-05-02,Professional services,REF99152742,179.51,0.0,24868.39
2017-05-09,2017-05-09,Software subscription,REF33552818,131.41,0.0,24736.98
2017-05-09,2017-05-09,Office supplies,REF19144220,61.34,0.0,24675.64
2017-05-12,2017-05-12,Internet and phone service,REF75312198,102.23,0.0,24573.41
2017-05-13,2017-05-13,Office supplies,REF13110691,60.09,0.0,24513.32
2017-05-13,2017-05-13,Business travel,REF55598220,142.6,0.0,24370.72
2017-05-14,2017-05-14,Business travel,REF84948994,104.9,0.0,24265.82
2017-05-15,2017-05-15,Payment from Doyle Ltd,REF76927749,0.0,1332.41,25598.23
2017-05-15,2017-05-15,"Service payment - Rodriguez, Figueroa and Sanchez",REF84099471,0.0,1926.36,27524.59
2017-05-15,2017-05-15,Business insurance premium,REF33383686,125.93,0.0,27398.66
2017-05-26,2017-05-26,Professional services,REF70945797,148.64,0.0,27250.02
2017-05-28,2017-05-28,Business travel,REF49384827,150.86,0.0,27099.16
2017-05-29,2017-05-29,Internet and phone service,REF62141506,81.59,0.0,27017.57
2017-05-30,2017-05-30,Office supplies,REF37054353,24.43,0.0,26993.14
2017-06-04,2017-06-04,Office supplies,REF24106894,39.3,0.0,26953.84
2017-06-06,2017-06-06,Office supplies,REF28804536,54.32,0.0,26899.52
2017-06-06,2017-06-06,Professional services,REF55504302,52.31,0.0,26847.21
2017-06-09,2017-06-09,Software subscription,REF66895262,122.75,0.0,26724.46
2017-06-11,2017-06-11,Business travel,REF14622580,160.99,0.0,26563.47
2017-06-13,2017-06-13,Internet and phone service,REF13956778,47.94,0.0,26515.53
2017-06-14,2017-06-14,Office supplies,REF91133957,69.56,0.0,26445.97
2017-06-15,2017-06-15,Business insurance premium,REF51279354,114.68,0.0,26331.29
2017-06-15,2017-06-15,"Service payment - Rodriguez, Figueroa and Sanchez",REF11559757,0.0,1712.52,28043.81
2017-06-15,2017-06-15,Project payment - Doyle Ltd,REF38196679,0.0,1529.24,29573.05
2017-06-15,2017-06-15,"Payment from Mcclain, Miller and Henderson",REF69910712,0.0,1182.74,30755.79
2017-06-17,2017-06-17,Office supplies,REF18274437,27.07,0.0,30728.72
2017-06-21,2017-06-21,Professional services,REF86386965,370.48,0.0,30358.24
2017-06-26,2017-06-26,Professional services,REF62488928,159.01,0.0,30199.23
2017-06-30,2017-06-30,Office supplies,REF36299578,33.77,0.0,30165.46
2017-07-02,2017-07-02,Office supplies,REF31609307,38.1,0.0,30127.36
2017-07-02,2017-07-02,Internet and phone service,REF60007246,77.3,0.0,30050.06
2017-07-02,2017-07-02,Training/conference,REF88645387,83.96,0.0,29966.1
2017-07-05,2017-07-05,Marketing expenses,REF73105480,219.74,0.0,29746.36
2017-07-09,2017-07-09,Software subscription,REF51467922,126.42,0.0,29619.94
2017-07-11,2017-07-11,Marketing expenses,REF59426960,135.15,0.0,29484.79
2017-07-11,2017-07-11,Equipment purchase,REF48175224,86.74,0.0,29398.05
2017-07-14,2017-07-14,Office supplies,REF65651376,61.1,0.0,29336.95
2017-07-15,2017-07-15,Service payment - Doyle Ltd,REF45921754,0.0,1045.89,30382.84
2017-07-15,2017-07-15,Training/conference,REF94792530,123.67,0.0,30259.17
2017-07-15,2017-07-15,"Project payment - Mcclain, Miller and Henderson",REF16964705,0.0,1573.23,31832.4
2017-07-15,2017-07-15,Office supplies,REF82079673,20.07,0.0,31812.33
2017-07-15,2017-07-15,Business insurance premium,REF20431929,98.54,0.0,31713.79
2017-07-21,2017-07-21,Office supplies,REF51130558,28.61,0.0,31685.18
2017-07-24,2017-07-24,Office supplies,REF31223676,69.39,0.0,31615.79
2017-07-25,2017-07-25,Marketing expenses,REF76974034,153.85,0.0,31461.94
2017-07-25,2017-07-25,Office supplies,REF62839391,47.46,0.0,31414.48
2017-07-30,2017-07-30,Professional services,REF62139050,231.38,0.0,31183.1
2017-08-06,2017-08-06,Office supplies,REF81098148,47.94,0.0,31135.16
2017-08-09,2017-08-09,Software subscription,REF62177348,78.36,0.0,31056.8
2017-08-15,2017-08-15,Business insurance premium,REF91059517,84.93,0.0,30971.87
2017-08-15,2017-08-15,Project payment - Doyle Ltd,REF99652220,0.0,1067.15,32039.02
2017-08-15,2017-08-15,"Service payment - Mcclain, Miller and Henderson",REF15991305,0.0,1206.17,33245.19
2017-08-15,2017-08-15,"Project payment - Rodriguez, Figueroa and Sanchez",REF48879284,0.0,1388.88,34634.07
2017-08-18,2017-08-18,Business travel,REF82792724,136.46,0.0,34497.61
2017-08-18,2017-08-18,Marketing expenses,REF89522817,171.17,0.0,34326.44
2017-08-29,2017-08-29,Professional services,REF34325097,209.31,0.0,34117.13
2017-08-30,2017-08-30,Office supplies,REF63182422,25.04,0.0,34092.09
2017-09-02,2017-09-02,Marketing expenses,REF91248346,335.33,0.0,33756.76
2017-09-03,2017-09-03,Office supplies,REF60758892,51.55,0.0,33705.21
2017-09-03,2017-09-03,Professional services,REF50866635,309.93,0.0,33395.28
2017-09-04,2017-09-04,Marketing expenses,REF13439289,357.33,0.0,33037.95
2017-09-08,2017-09-08,Equipment purchase,REF39404164,105.18,0.0,32932.77
2017-09-09,2017-09-09,Software subscription,REF14777421,144.52,0.0,32788.25
2017-09-09,2017-09-09,Office supplies,REF56884754,51.59,0.0,32736.66
2017-09-10,2017-09-10,Business travel,REF14290447,173.35,0.0,32563.31
2017-09-12,2017-09-12,Business travel,REF64745659,150.53,0.0,32412.78
2017-09-15,2017-09-15,"Invoice payment - Mcclain, Miller and Henderson",REF62052092,0.0,1684.2,34096.98
2017-09-15,2017-09-15,"Project payment - Rodriguez, Figueroa and Sanchez",REF73750869,0.0,2109.96,36206.94
2017-09-15,2017-09-15,Payment from Doyle Ltd,REF51999675,0.0,1406.24,37613.18
2017-09-15,2017-09-15,Business insurance premium,REF33627745,127.88,0.0,37485.3
2017-09-18,2017-09-18,Business travel,REF27686426,166.54,0.0,37318.76
2017-09-18,2017-09-18,Office supplies,REF71010402,47.15,0.0,37271.61
2017-09-19,2017-09-19,Office supplies,REF23022270,74.97,0.0,37196.64
2017-09-25,2017-09-25,Business travel,REF46635794,177.17,0.0,37019.47
2017-09-27,2017-09-27,Training/conference,REF27929098,54.89,0.0,36964.58
2017-09-30,2017-09-30,Marketing expenses,REF58617184,265.12,0.0,36699.46
2017-10-02,2017-10-02,Internet and phone service,REF69972646,90.65,0.0,36608.81
2017-10-05,2017-10-05,Equipment purchase,REF33985603,88.28,0.0,36520.53
2017-10-05,2017-10-05,Business travel,REF20176828,214.15,0.0,36306.38
2017-10-07,2017-10-07,Office supplies,REF29247186,43.51,0.0,36262.87
2017-10-09,2017-10-09,Software subscription,REF24223887,205.53,0.0,36057.34
2017-10-11,2017-10-11,Professional services,REF24136405,76.1,0.0,35981.24
2017-10-13,2017-10-13,Office supplies,REF71912105,59.3,0.0,35921.94
2017-10-15,2017-10-15,Project payment - Doyle Ltd,REF92556904,0.0,1887.56,37809.5
2017-10-15,2017-10-15,"Invoice payment - Rodriguez, Figueroa and Sanchez",REF68576692,0.0,2224.21,40033.71
2017-10-15,2017-10-15,"Payment from Mcclain, Miller and Henderson",REF71086560,0.0,1938.8,41972.51
2017-10-15,2017-10-15,Business insurance premium,REF72648941,135.7,0.0,41836.81
2017-10-23,2017-10-23,Office supplies,REF13301394,29.63,0.0,41807.18
2017-10-24,2017-10-24,Internet and phone service,REF44104860,99.63,0.0,41707.55
2017-10-26,2017-10-26,Professional services,REF97814287,203.71,0.0,41503.84
2017-10-27,2017-10-27,Office supplies,REF44456905,85.21,0.0,41418.63
2017-10-29,2017-10-29,Office supplies,REF25111500,62.28,0.0,41356.35
2017-11-01,2017-11-01,Office supplies,REF40663820,42.88,0.0,41313.47
2017-11-02,2017-11-02,Internet and phone service,REF94997368,56.19,0.0,41257.28
2017-11-09,2017-11-09,Software subscription,REF60205334,173.37,0.0,41083.91
2017-11-10,2017-11-10,Office supplies,REF57596201,72.45,0.0,41011.46
2017-11-11,2017-11-11,Business travel,REF17581002,159.7,0.0,40851.76
2017-11-12,2017-11-12,Marketing expenses,REF86943867,183.6,0.0,40668.16
2017-11-12,2017-11-12,Office supplies,REF92814192,57.03,0.0,40611.13
2017-11-14,2017-11-14,Business travel,REF83735788,214.47,0.0,40396.66
2017-11-14,2017-11-14,Office supplies,REF28561310,68.5,0.0,40328.16
2017-11-14,2017-11-14,Training/conference,REF94739239,113.11,0.0,40215.05
2017-11-15,2017-11-15,"Payment from Rodriguez, Figueroa and Sanchez",REF75978252,0.0,1991.47,42206.52
2017-11-15,2017-11-15,Business insurance premium,REF78969235,135.17,0.0,42071.35
2017-11-15,2017-11-15,Invoice payment - Doyle Ltd,REF29038007,0.0,1312.85,43384.2
2017-11-16,2017-11-16,Equipment purchase,REF57809902,82.89,0.0,43301.31
2017-11-17,2017-11-17,Professional services,REF84798069,287.74,0.0,43013.57
2017-11-26,2017-11-26,Office supplies,REF37384611,56.2,0.0,42957.37
2017-11-27,2017-11-27,Internet and phone service,REF34219726,99.2,0.0,42858.17
2017-11-27,2017-11-27,Training/conference,REF12705421,102.76,0.0,42755.41
2017-11-30,2017-11-30,Business travel,REF47587555,116.18,0.0,42639.23
2017-12-04,2017-12-04,Professional services,REF25962977,187.1,0.0,42452.13
2017-12-05,2017-12-05,Equipment purchase,REF81048489,98.0,0.0,42354.13
2017-12-09,2017-12-09,Software subscription,REF20127222,148.9,0.0,42205.23
2017-12-10,2017-12-10,Training/conference,REF66656406,77.37,0.0,42127.86
2017-12-15,2017-12-15,"Payment from Rodriguez, Figueroa and Sanchez",REF12422952,0.0,1916.5,44044.36
2017-12-15,2017-12-15,Business insurance premium,REF90458942,100.32,0.0,43944.04
2017-12-15,2017-12-15,"Service payment - Mcclain, Miller and Henderson",REF62857945,0.0,1728.62,45672.66
2017-12-21,2017-12-21,Training/conference,REF18625146,92.9,0.0,45579.76
2017-12-22,2017-12-22,Office supplies,REF60470573,71.37,0.0,45508.39
2017-12-28,2017-12-28,Training/conference,REF44424385,86.52,0.0,45421.87
2018-01-09,2018-01-09,Office supplies,REF62008498,32.83,0.0,45389.04
2018-01-09,2018-01-09,Software subscription,REF33463157,105.83,0.0,45283.21
2018-01-11,2018-01-11,Business travel,REF63293585,162.39,0.0,45120.82
2018-01-15,2018-01-15,Business insurance premium,REF92555815,88.16,0.0,45032.66
2018-01-15,2018-01-15,Invoice payment - Doyle Ltd,REF17605502,0.0,1017.31,46049.97
2018-01-15,2018-01-15,"Invoice payment - Rodriguez, Figueroa and Sanchez",REF75099165,0.0,1182.31,47232.28
2018-01-19,2018-01-19,Professional services,REF36401120,109.26,0.0,47123.02
2018-01-21,2018-01-21,Business travel,REF62498002,92.49,0.0,47030.53
2018-01-26,2018-01-26,Business travel,REF40712798,158.53,0.0,46872.0
2018-01-29,2018-01-29,Marketing expenses,REF18429241,190.01,0.0,46681.99
2018-01-30,2018-01-30,Business travel,REF64981748,133.65,0.0,46548.34
2018-01-31,2018-01-31,Professional services,REF15557821,258.94,0.0,46289.4
2018-01-31,2018-01-31,Office supplies,REF64701945,45.9,0.0,46243.5
2018-01-31,2018-01-31,Equipment purchase,REF61066701,126.43,0.0,46117.07
2018-02-04,2018-02-04,Professional services,REF70974096,228.07,0.0,45889.0
2018-02-04,2018-02-04,Office supplies,REF24931127,49.4,0.0,45839.6
2018-02-09,2018-02-09,Software subscription,REF56597166,135.34,0.0,45704.26
2018-02-14,2018-02-14,Internet and phone service,REF40978633,73.84,0.0,45630.42
2018-02-15,2018-02-15,Training/conference,REF43099267,59.16,0.0,45571.26
2018-02-15,2018-02-15,Business insurance premium,REF33782567,108.16,0.0,45463.1
2018-02-15,2018-02-15,"Project payment - Mcclain, Miller and Henderson",REF46412646,0.0,1475.3,46938.4
2018-02-15,2018-02-15,Service payment - Doyle Ltd,REF53660866,0.0,960.03,47898.43
2018-02-15,2018-02-15,"Service payment - Rodriguez, Figueroa and Sanchez",REF19851205,0.0,1584.93,49483.36
2018-02-16,2018-02-16,Equipment purchase,REF35243818,43.53,0.0,49439.83
2018-02-23,2018-02-23,Office supplies,REF69970725,32.63,0.0,49407.2
2018-02-28,2018-02-28,Business travel,REF50112074,180.21,0.0,49226.99
2018-03-04,2018-03-04,Business travel,REF73103234,216.93,0.0,49010.06
2018-03-06,2018-03-06,Business travel,REF61555629,170.67,0.0,48839.39
2018-03-08,2018-03-08,Marketing expenses,REF40046221,226.32,0.0,48613.07
2018-03-09,2018-03-09,Software subscription,REF91522052,155.21,0.0,48457.86
2018-03-11,2018-03-11,Professional services,REF80595308,235.74,0.0,48222.12
2018-03-12,2018-03-12,Office supplies,REF73968713,49.37,0.0,48172.75
2018-03-15,2018-03-15,"Project payment - Rodriguez, Figueroa and Sanchez",REF99703756,0.0,1892.59,50065.34
2018-03-15,2018-03-15,Business insurance premium,REF26037478,126.07,0.0,49939.27
2018-03-15,2018-03-15,"Payment from Mcclain, Miller and Henderson",REF68979683,0.0,1427.15,51366.42
2018-03-15,2018-03-15,Service payment - Doyle Ltd,REF71539904,0.0,1697.59,53064.01
2018-03-20,2018-03-20,Internet and phone service,REF11380188,14.76,0.0,53049.25
2018-03-20,2018-03-20,Equipment purchase,REF24235345,106.88,0.0,52942.37
2018-03-23,2018-03-23,Office supplies,REF54188812,35.58,0.0,52906.79
2018-03-23,2018-03-23,Marketing expenses,REF89978229,340.16,0.0,52566.63
2018-03-26,2018-03-26,Equipment purchase,REF86127930,77.51,0.0,52489.12
2018-03-27,2018-03-27,Professional services,REF19840850,234.91,0.0,52254.21
2018-03-29,2018-03-29,Office supplies,REF77509936,49.89,0.0,52204.32
2018-03-30,2018-03-30,Business travel,REF11659537,145.44,0.0,52058.88
2018-04-01,2018-04-01,Office supplies,REF50261864,49.48,0.0,52009.4
2018-04-05,2018-04-05,Equipment purchase,REF28868041,96.7,0.0,51912.7
2018-04-06,2018-04-06,Professional services,REF44725365,329.91,0.0,51582.79
2018-04-07,2018-04-07,Office supplies,REF88038555,40.62,0.0,51542.17
2018-04-09,2018-04-09,Software subscription,REF88437377,150.56,0.0,51391.61
2018-04-11,2018-04-11,Equipment purchase,REF18029598,108.69,0.0,51282.92
2018-04-12,2018-04-12,Training/conference,REF52962091,96.17,0.0,51186.75
2018-04-15,2018-04-15,Business insurance premium,REF52307805,114.69,0.0,51072.06
2018-04-15,2018-04-15,"Payment from Rodriguez, Figueroa and Sanchez",REF74325817,0.0,2075.29,53147.35
2018-04-15,2018-04-15,Invoice payment - Doyle Ltd,REF23035245,0.0,1972.6,55119.95
2018-04-15,2018-04-15,"Service payment - Mcclain, Miller and Henderson",REF94126426,0.0,1700.33,56820.28
2018-04-17,2018-04-17,Marketing expenses,REF27260086,285.64,0.0,56534.64
2018-04-21,2018-04-21,Business travel,REF88433445,141.07,0.0,56393.57
2018-04-21,2018-04-21,Office supplies,REF90818774,50.76,0.0,56342.81
2018-04-22,2018-04-22,Business travel,REF83641794,173.36,0.0,56169.45
2018-04-23,2018-04-23,Internet and phone service,REF57486162,100.9,0.0,56068.55
2018-04-25,2018-04-25,Equipment purchase,REF39334810,78.53,0.0,55990.02
2018-04-25,2018-04-25,Internet and phone service,REF92282305,84.43,0.0,55905.59
2018-05-04,2018-05-04,Professional services,REF58750875,332.24,0.0,55573.35
2018-05-09,2018-05-09,Business travel,REF92101793,146.35,0.0,55427.0
2018-05-09,2018-05-09,Professional services,REF77430063,185.84,0.0,55241.16
2018-05-09,2018-05-09,Software subscription,REF70998854,165.93,0.0,55075.23
2018-05-10,2018-05-10,Business travel,REF96986866,201.34,0.0,54873.89
2018-05-14,2018-05-14,Equipment purchase,REF38906038,120.5,0.0,54753.39
2018-05-15,2018-05-15,Service payment - Doyle Ltd,REF86033299,0.0,1928.87,56682.26
2018-05-15,2018-05-15,"Invoice payment - Rodriguez, Figueroa and Sanchez",REF14528268,0.0,1461.21,58143.47
2018-05-15,2018-05-15,"Service payment - Mcclain, Miller and Henderson",REF45079500,0.0,1459.29,59602.76
2018-05-15,2018-05-15,Business insurance premium,REF98458610,124.29,0.0,59478.47
2018-05-18,2018-05-18,Professional services,REF81001689,124.61,0.0,59353.86
2018-05-22,2018-05-22,Equipment purchase,REF10277834,128.69,0.0,59225.17
2018-05-23,2018-05-23,Office supplies,REF39449015,49.99,0.0,59175.18
2018-05-26,2018-05-26,Business travel,REF65849873,148.2,0.0,59026.98
2018-05-27,2018-05-27,Office supplies,REF68732592,34.98,0.0,58992.0
2018-05-27,2018-05-27,Marketing expenses,REF23011582,247.29,0.0,58744.71
2018-05-30,2018-05-30,Professional services,REF85240390,282.87,0.0,58461.84
2018-05-30,2018-05-30,Equipment purchase,REF65457350,135.96,0.0,58325.88
2018-06-02,2018-06-02,Internet and phone service,REF16877037,89.16,0.0,58236.72
2018-06-03,2018-06-03,Professional services,REF78761869,290.72,0.0,57946.0
2018-06-09,2018-06-09,Software subscription,REF51849877,135.82,0.0,57810.18
2018-06-13,2018-06-13,Office supplies,REF12241105,69.58,0.0,57740.6
2018-06-15,2018-06-15,Business insurance premium,REF79979388,103.29,0.0,57637.31
2018-06-15,2018-06-15,Office supplies,REF48145210,67.05,0.0,57570.26
2018-06-15,2018-06-15,Invoice payment - Doyle Ltd,REF57366565,0.0,1036.13,58606.39
2018-06-15,2018-06-15,"Service payment - Rodriguez, Figueroa and Sanchez",REF13235863,0.0,1394.09,60000.48
2018-06-15,2018-06-15,"Invoice payment - Mcclain, Miller and Henderson",REF44187163,0.0,2194.25,62194.73
2018-06-15,2018-06-15,Professional services,REF46325466,316.56,0.0,61878.17
2018-06-16,2018-06-16,Equipment purchase,REF86692527,85.43,0.0,61792.74
2018-06-19,2018-06-19,Internet and phone service,REF93214330,50.86,0.0,61741.88
2018-06-20,2018-06-20,Equipment purchase,REF61897624,75.08,0.0,61666.8
2018-06-22,2018-06-22,Business travel,REF10916094,132.66,0.0,61534.14
2018-06-27,2018-06-27,Training/conference,REF35259300,86.99,0.0,61447.15
2018-07-01,2018-07-01,Office supplies,REF32596028,24.03,0.0,61423.12
2018-07-01,2018-07-01,Equipment purchase,REF24330983,106.21,0.0,61316.91
2018-07-04,2018-07-04,Training/conference,REF30978606,107.81,0.0,61209.1
2018-07-05,2018-07-05,Business travel,REF42468095,124.2,0.0,61084.9
2018-07-07,2018-07-07,Office supplies,REF99138451,37.55,0.0,61047.35
2018-07-09,2018-07-09,Office supplies,REF39354523,29.67,0.0,61017.68
2018-07-09,2018-07-09,Professional services,REF41074455,188.34,0.0,60829.34
2018-07-09,2018-07-09,Software subscription,REF87846937,113.51,0.0,60715.83
2018-07-09,2018-07-09,Equipment purchase,REF49823623,75.92,0.0,60639.91
2018-07-12,2018-07-12,Office supplies,REF58191644,54.5,0.0,60585.41
2018-07-15,2018-07-15,Business insurance premium,REF47877674,95.23,0.0,60490.18
2018-07-15,2018-07-15,Office supplies,REF92386751,50.35,0.0,60439.83
2018-07-15,2018-07-15,"Service payment - Mcclain, Miller and Henderson",REF32228367,0.0,948.48,61388.31
2018-07-15,2018-07-15,Project payment - Doyle Ltd,REF94364445,0.0,946.12,62334.43
2018-07-15,2018-07-15,"Payment from Rodriguez, Figueroa and Sanchez",REF82019526,0.0,914.36,63248.79
2018-07-18,2018-07-18,Internet and phone service,REF85965696,112.02,0.0,63136.77
2018-07-22,2018-07-22,Equipment purchase,REF17518933,75.2,0.0,63061.57
2018-07-23,2018-07-23,Office supplies,REF86807461,46.02,0.0,63015.55
2018-08-09,2018-08-09,Office supplies,REF72893670,46.86,0.0,62968.69
2018-08-09,2018-08-09,Software subscription,REF96265173,94.76,0.0,62873.93
2018-08-10,2018-08-10,Internet and phone service,REF36352995,65.22,0.0,62808.71
2018-08-13,2018-08-13,Training/conference,REF49649993,78.36,0.0,62730.35
2018-08-15,2018-08-15,Business insurance premium,REF26773349,81.16,0.0,62649.19
2018-08-15,2018-08-15,Project payment - Doyle Ltd,REF60144621,0.0,663.83,63313.02
2018-08-15,2018-08-15,"Payment from Rodriguez, Figueroa and Sanchez",REF86349696,0.0,849.29,64162.31
2018-08-16,2018-08-16,Office supplies,REF37011610,38.63,0.0,64123.68
2018-08-19,2018-08-19,Office supplies,REF95180496,37.35,0.0,64086.33
2018-08-23,2018-08-23,Equipment purchase,REF32884398,58.85,0.0,64027.48
2018-08-29,2018-08-29,Training/conference,REF26856163,82.48,0.0,63945.0
2018-08-31,2018-08-31,Office supplies,REF50683254,37.19,0.0,63907.81
2018-09-02,2018-09-02,Office supplies,REF15770938,54.42,0.0,63853.39
2018-09-02,2018-09-02,Internet and phone service,REF96195311,75.27,0.0,63778.12
2018-09-06,2018-09-06,Office supplies,REF92068862,36.88,0.0,63741.24
2018-09-08,2018-09-08,Office supplies,REF10850122,50.18,0.0,63691.06
2018-09-09,2018-09-09,Software subscription,REF28539203,139.01,0.0,63552.05
2018-09-12,2018-09-12,Professional services,REF87993754,337.71,0.0,63214.34
2018-09-12,2018-09-12,Marketing expenses,REF63038781,203.69,0.0,63010.65
2018-09-13,2018-09-13,Business travel,REF79151225,252.23,0.0,62758.42
2018-09-15,2018-09-15,Business insurance premium,REF57679117,129.63,0.0,62628.79
2018-09-15,2018-09-15,"Payment from Mcclain, Miller and Henderson",REF12873382,0.0,2294.04,64922.83
2018-09-15,2018-09-15,"Project payment - Rodriguez, Figueroa and Sanchez",REF96028004,0.0,2043.41,66966.24
2018-09-15,2018-09-15,Service payment - Doyle Ltd,REF25194144,0.0,1573.69,68539.93
2018-09-16,2018-09-16,Office supplies,REF35623125,35.39,0.0,68504.54
2018-09-24,2018-09-24,Training/conference,REF36324690,161.11,0.0,68343.43
2018-09-26,2018-09-26,Business travel,REF45338642,199.96,0.0,68143.47
2018-09-26,2018-09-26,Office supplies,REF73224359,61.57,0.0,68081.9
2018-09-27,2018-09-27,Business travel,REF71498622,230.18,0.0,67851.72
2018-09-28,2018-09-28,Professional services,REF23628984,286.95,0.0,67564.77
2018-10-09,2018-10-09,Software subscription,REF31040744,165.84,0.0,67398.93
2018-10-09,2018-10-09,Training/conference,REF38077868,116.34,0.0,67282.59
2018-10-10,2018-10-10,Equipment purchase,REF19699755,81.25,0.0,67201.34
2018-10-11,2018-10-11,Business travel,REF61754419,155.43,0.0,67045.91
2018-10-15,2018-10-15,"Service payment - Mcclain, Miller and Henderson",REF37068277,0.0,1927.14,68973.05
2018-10-15,2018-10-15,"Service payment - Rodriguez, Figueroa and Sanchez",REF34269034,0.0,1508.57,70481.62
2018-10-15,2018-10-15,Business insurance premium,REF15541543,146.1,0.0,70335.52
2018-10-15,2018-10-15,Payment from Doyle Ltd,REF49813657,0.0,1631.24,71966.76
2018-10-19,2018-10-19,Office supplies,REF26669382,71.56,0.0,71895.2
2018-10-30,2018-10-30,Office supplies,REF68637178,62.77,0.0,71832.43
2018-10-31,2018-10-31,Equipment purchase,REF93044102,96.98,0.0,71735.45
2018-11-03,2018-11-03,Office supplies,REF49707715,29.51,0.0,71705.94
2018-11-07,2018-11-07,Equipment purchase,REF18315308,89.73,0.0,71616.21
2018-11-09,2018-11-09,Software subscription,REF95281074,178.32,0.0,71437.89
2018-11-13,2018-11-13,Equipment purchase,REF53735877,90.35,0.0,71347.54
2018-11-13,2018-11-13,Professional services,REF17782634,311.09,0.0,71036.45
2018-11-14,2018-11-14,Office supplies,REF26274309,44.78,0.0,70991.67
2018-11-15,2018-11-15,"Invoice payment - Mcclain, Miller and Henderson",REF29346611,0.0,2084.55,73076.22
2018-11-15,2018-11-15,"Service payment - Rodriguez, Figueroa and Sanchez",REF13726713,0.0,1757.26,74833.48
2018-11-15,2018-11-15,Professional services,REF76871281,329.74,0.0,74503.74
2018-11-15,2018-11-15,Service payment - Doyle Ltd,REF36394560,0.0,1907.38,76411.12
2018-11-15,2018-11-15,Business insurance premium,REF32612831,129.8,0.0,76281.32
2018-11-19,2018-11-19,Office supplies,REF22832377,49.09,0.0,76232.23
2018-11-19,2018-11-19,Equipment purchase,REF40120919,86.78,0.0,76145.45
2018-11-22,2018-11-22,Internet and phone service,REF48998987,138.74,0.0,76006.71
2018-11-22,2018-11-22,Business travel,REF84827606,88.08,0.0,75918.63
2018-11-27,2018-11-27,Office supplies,REF85302285,90.36,0.0,75828.27
2018-12-04,2018-12-04,Equipment purchase,REF27064465,77.32,0.0,75750.95
2018-12-05,2018-12-05,Office supplies,REF34427527,16.25,0.0,75734.7
2018-12-06,2018-12-06,Office supplies,REF32866176,50.94,0.0,75683.76
2018-12-06,2018-12-06,Training/conference,REF77474906,42.92,0.0,75640.84
2018-12-09,2018-12-09,Software subscription,REF48177319,132.54,0.0,75508.3
2018-12-09,2018-12-09,Internet and phone service,REF15923808,37.68,0.0,75470.62
2018-12-09,2018-12-09,Professional services,REF81551995,257.45,0.0,75213.17
2018-12-12,2018-12-12,Equipment purchase,REF38707964,110.91,0.0,75102.26
2018-12-14,2018-12-14,Equipment purchase,REF11528362,52.04,0.0,75050.22
2018-12-14,2018-12-14,Professional services,REF38402632,237.09,0.0,74813.13
2018-12-15,2018-12-15,Business insurance premium,REF39441143,110.54,0.0,74702.59
2018-12-15,2018-12-15,"Project payment - Mcclain, Miller and Henderson",REF12203087,0.0,1673.82,76376.41
2018-12-15,2018-12-15,"Invoice payment - Rodriguez, Figueroa and Sanchez",REF76927703,0.0,1795.11,78171.52
2018-12-15,2018-12-15,Service payment - Doyle Ltd,REF66356235,0.0,963.12,79134.64
2018-12-18,2018-12-18,Marketing expenses,REF42800599,213.55,0.0,78921.09
2018-12-18,2018-12-18,Internet and phone service,REF16760510,70.24,0.0,78850.85
2018-12-21,2018-12-21,Training/conference,REF30047730,90.29,0.0,78760.56
2018-12-26,2018-12-26,Professional services,REF14763090,257.47,0.0,78503.09
2018-12-27,2018-12-27,Equipment purchase,REF89304234,62.27,0.0,78440.82
2018-12-28,2018-12-28,Equipment purchase,REF91335369,118.63,0.0,78322.19
2018-12-31,2018-12-31,Office supplies,REF11589291,42.71,0.0,78279.48
2019-01-03,2019-01-03,Professional services,REF55790115,261.84,0.0,78017.64
2019-01-05,2019-01-05,Professional services,REF57367764,226.99,0.0,77790.65
2019-01-07,2019-01-07,Professional services,REF67930146,157.38,0.0,77633.27
2019-01-08,2019-01-08,Office supplies,REF11433043,30.58,0.0,77602.69
2019-01-09,2019-01-09,Software subscription,REF86712068,107.1,0.0,77495.59
2019-01-10,2019-01-10,Equipment purchase,REF36049918,48.04,0.0,77447.55
2019-01-10,2019-01-10,Office supplies,REF96923333,28.83,0.0,77418.72
2019-01-11,2019-01-11,Marketing expenses,REF96616769,110.81,0.0,77307.91
2019-01-11,2019-01-11,Equipment purchase,REF19968904,82.96,0.0,77224.95
2019-01-12,2019-01-12,Business travel,REF23131778,94.16,0.0,77130.79
2019-01-13,2019-01-13,Training/conference,REF67181150,73.35,0.0,77057.44
2019-01-14,2019-01-14,Office supplies,REF35400119,38.69,0.0,77018.75
2019-01-14,2019-01-14,Professional services,REF79086029,175.1,0.0,76843.65
2019-01-15,2019-01-15,Project payment - Doyle Ltd,REF85866393,0.0,1237.76,78081.41
2019-01-15,2019-01-15,Business insurance premium,REF76757903,93.33,0.0,77988.08
2019-01-15,2019-01-15,"Invoice payment - Mcclain, Miller and Henderson",REF70749918,0.0,1620.8,79608.88
2019-01-19,2019-01-19,Marketing expenses,REF53738691,68.37,0.0,79540.51
2019-01-20,2019-01-20,Internet and phone service,REF11506440,101.5,0.0,79439.01
2019-01-22,2019-01-22,Office supplies,REF48685563,48.24,0.0,79390.77
2019-01-23,2019-01-23,Office supplies,REF79039583,52.05,0.0,79338.72
2019-01-27,2019-01-27,Professional services,REF98349801,79.11,0.0,79259.61
2019-01-28,2019-01-28,Equipment purchase,REF77107171,112.21,0.0,79147.4
2019-01-28,2019-01-28,Business travel,REF20772941,50.37,0.0,79097.03
2019-02-02,2019-02-02,Business travel,REF66779374,143.88,0.0,78953.15
2019-02-09,2019-02-09,Software subscription,REF56697209,116.4,0.0,78836.75
2019-02-13,2019-02-13,Professional services,REF44916702,273.54,0.0,78563.21
2019-02-13,2019-02-13,Office supplies,REF96738037,19.12,0.0,78544.09
2019-02-13,2019-02-13,Internet and phone service,REF63141506,67.94,0.0,78476.15
2019-02-15,2019-02-15,Service payment - Doyle Ltd,REF16216618,0.0,1309.23,79785.38
2019-02-15,2019-02-15,Business insurance premium,REF57826978,102.57,0.0,79682.81
2019-02-15,2019-02-15,Training/conference,REF39121418,70.99,0.0,79611.82
2019-02-15,2019-02-15,"Payment from Rodriguez, Figueroa and Sanchez",REF50952235,0.0,1974.59,81586.41
2019-02-15,2019-02-15,"Service payment - Mcclain, Miller and Henderson",REF42051283,0.0,1419.65,83006.06
2019-02-18,2019-02-18,Office supplies,REF75243658,37.66,0.0,82968.4
2019-02-21,2019-02-21,Business travel,REF52569794,144.48,0.0,82823.92
2019-02-28,2019-02-28,Office supplies,REF63837967,50.05,0.0,82773.87
2019-03-03,2019-03-03,Training/conference,REF77813446,136.32,0.0,82637.55
2019-03-03,2019-03-03,Office supplies,REF16987659,54.37,0.0,82583.18
2019-03-04,2019-03-04,Professional services,REF49739290,398.43,0.0,82184.75
2019-03-09,2019-03-09,Internet and phone service,REF90779375,46.01,0.0,82138.74
2019-03-09,2019-03-09,Office supplies,REF17831144,48.73,0.0,82090.01
2019-03-09,2019-03-09,Software subscription,REF15884902,147.09,0.0,81942.92
2019-03-10,2019-03-10,Office supplies,REF33797209,58.39,0.0,81884.53
2019-03-12,2019-03-12,Equipment purchase,REF22805935,167.1,0.0,81717.43
2019-03-15,2019-03-15,Business insurance premium,REF53721259,128.27,0.0,81589.16
2019-03-15,2019-03-15,Service payment - Doyle Ltd,REF56022526,0.0,1391.69,82980.85
2019-03-15,2019-03-15,"Invoice payment - Rodriguez, Figueroa and Sanchez",REF75494449,0.0,1905.97,84886.82
2019-03-15,2019-03-15,"Payment from Mcclain, Miller and Henderson",REF97999933,0.0,1622.63,86509.45
2019-03-16,2019-03-16,Marketing expenses,REF47692168,327.89,0.0,86181.56
2019-03-17,2019-03-17,Office supplies,REF80618176,65.06,0.0,86116.5
2019-03-23,2019-03-23,Business travel,REF38737303,163.02,0.0,85953.48
2019-03-24,2019-03-24,Internet and phone service,REF86743289,78.23,0.0,85875.25
2019-03-27,2019-03-27,Professional services,REF11190866,368.93,0.0,85506.32
2019-03-31,2019-03-31,Office supplies,REF86017109,81.46,0.0,85424.86
2019-04-01,2019-04-01,Professional services,REF12256376,115.89,0.0,85308.97
2019-04-04,2019-04-04,Professional services,REF78306925,96.19,0.0,85212.78
2019-04-05,2019-04-05,Office supplies,REF27667864,45.62,0.0,85167.16
2019-04-07,2019-04-07,Training/conference,REF97430530,104.8,0.0,85062.36
2019-04-09,2019-04-09,Software subscription,REF83683773,162.76,0.0,84899.6
2019-04-13,2019-04-13,Office supplies,REF74257857,51.77,0.0,84847.83
2019-04-15,2019-04-15,"Service payment - Mcclain, Miller and Henderson",REF58258716,0.0,2140.86,86988.69
2019-04-15,2019-04-15,Business insurance premium,REF37131584,125.35,0.0,86863.34
2019-04-15,2019-04-15,Invoice payment - Doyle Ltd,REF98733443,0.0,1584.07,88447.41
2019-04-15,2019-04-15,"Invoice payment - Rodriguez, Figueroa and Sanchez",REF17960135,0.0,1664.36,90111.77
2019-04-17,2019-04-17,Office supplies,REF92801710,75.71,0.0,90036.06
2019-04-18,2019-04-18,Marketing expenses,REF52890759,212.02,0.0,89824.04
2019-04-23,2019-04-23,Business travel,REF21266511,115.64,0.0,89708.4
2019-04-24,2019-04-24,Equipment purchase,REF97362812,165.81,0.0,89542.59
2019-04-26,2019-04-26,Office supplies,REF59307887,27.91,0.0,89514.68
2019-05-05,2019-05-05,Equipment purchase,REF23117447,97.82,0.0,89416.86
2019-05-05,2019-05-05,Professional services,REF39882613,301.5,0.0,89115.36
2019-05-05,2019-05-05,Office supplies,REF50744495,68.83,0.0,89046.53
2019-05-07,2019-05-07,Professional services,REF88781101,322.51,0.0,88724.02
2019-05-09,2019-05-09,Software subscription,REF47367093,170.19,0.0,88553.83
2019-05-11,2019-05-11,Professional services,REF28310971,185.97,0.0,88367.86
2019-05-15,2019-05-15,Business insurance premium,REF68349503,128.26,0.0,88239.6
2019-05-15,2019-05-15,"Payment from Rodriguez, Figueroa and Sanchez",REF12117709,0.0,1722.67,89962.27
2019-05-15,2019-05-15,Project payment - Doyle Ltd,REF55209051,0.0,1535.68,91497.95
2019-05-15,2019-05-15,"Payment from Mcclain, Miller and Henderson",REF98010109,0.0,1565.53,93063.48
2019-05-16,2019-05-16,Office supplies,REF12375093,47.55,0.0,93015.93
2019-05-19,2019-05-19,Marketing expenses,REF87937757,191.7,0.0,92824.23
2019-05-19,2019-05-19,Office supplies,REF44263873,36.18,0.0,92788.05
2019-05-21,2019-05-21,Professional services,REF83258484,230.47,0.0,92557.58
2019-05-22,2019-05-22,Business travel,REF28704340,166.68,0.0,92390.9
2019-05-24,2019-05-24,Training/conference,REF71669148,125.89,0.0,92265.01
2019-05-27,2019-05-27,Office supplies,REF59509873,74.19,0.0,92190.82
2019-06-01,2019-06-01,Office supplies,REF27593676,52.81,0.0,92138.01
2019-06-05,2019-06-05,Internet and phone service,REF62520057,61.43,0.0,92076.58
2019-06-05,2019-06-05,Business travel,REF99135417,105.67,0.0,91970.91
2019-06-06,2019-06-06,Professional services,REF69057344,441.59,0.0,91529.32
2019-06-08,2019-06-08,Office supplies,REF43494309,60.68,0.0,91468.64
2019-06-09,2019-06-09,Software subscription,REF66132764,129.11,0.0,91339.53
2019-06-15,2019-06-15,"Payment from Rodriguez, Figueroa and Sanchez",REF70574669,0.0,1764.46,93103.99
2019-06-15,2019-06-15,"Project payment - Mcclain, Miller and Henderson",REF81537799,0.0,1818.57,94922.56
2019-06-15,2019-06-15,Invoice payment - Doyle Ltd,REF89225770,0.0,1342.19,96264.75
2019-06-15,2019-06-15,Business insurance premium,REF14390741,111.43,0.0,96153.32
2019-06-16,2019-06-16,Marketing expenses,REF98012644,218.68,0.0,95934.64
2019-06-20,2019-06-20,Internet and phone service,REF76394480,145.4,0.0,95789.24
2019-06-20,2019-06-20,Equipment purchase,REF97508536,62.88,0.0,95726.36
2019-06-23,2019-06-23,Professional services,REF59179195,249.0,0.0,95477.36
2019-06-24,2019-06-24,Office supplies,REF56404773,32.81,0.0,95444.55
2019-06-27,2019-06-27,Office supplies,REF85647880,81.43,0.0,95363.12
2019-06-29,2019-06-29,Internet and phone service,REF46120868,91.61,0.0,95271.51
2019-06-29,2019-06-29,Professional services,REF80823643,246.33,0.0,95025.18
2019-07-09,2019-07-09,Equipment purchase,REF88957296,57.43,0.0,94967.75
2019-07-09,2019-07-09,Training/conference,REF10148306,63.0,0.0,94904.75
2019-07-09,2019-07-09,Software subscription,REF24550703,121.89,0.0,94782.86
2019-07-11,2019-07-11,Office supplies,REF44353667,32.91,0.0,94749.95
2019-07-12,2019-07-12,Office supplies,REF21493605,24.61,0.0,94725.34
2019-07-13,2019-07-13,Office supplies,REF64133658,37.11,0.0,94688.23
2019-07-15,2019-07-15,"Project payment - Rodriguez, Figueroa and Sanchez",REF93271099,0.0,1410.36,96098.59
2019-07-15,2019-07-15,Invoice payment - Doyle Ltd,REF35165043,0.0,1160.98,97259.57
2019-07-15,2019-07-15,Business insurance premium,REF16914996,92.01,0.0,97167.56
2019-07-16,2019-07-16,Professional services,REF60194190,180.52,0.0,96987.04
2019-07-19,2019-07-19,Training/conference,REF29581876,103.75,0.0,96883.29
2019-07-22,2019-07-22,Equipment purchase,REF89446074,112.67,0.0,96770.62
2019-08-04,2019-08-04,Office supplies,REF62693999,40.69,0.0,96729.93
2019-08-05,2019-08-05,Business travel,REF33300461,106.55,0.0,96623.38
2019-08-09,2019-08-09,Software subscription,REF71888509,102.28,0.0,96521.1
2019-08-15,2019-08-15,Professional services,REF40680559,194.5,0.0,96326.6
2019-08-15,2019-08-15,"Invoice payment - Mcclain, Miller and Henderson",REF33443229,0.0,1553.49,97880.09
2019-08-15,2019-08-15,"Invoice payment - Rodriguez, Figueroa and Sanchez",REF92765014,0.0,1298.86,99178.95
2019-08-15,2019-08-15,Project payment - Doyle Ltd,REF11786936,0.0,924.41,100103.36
2019-08-15,2019-08-15,Business insurance premium,REF48775659,83.75,0.0,100019.61
2019-08-18,2019-08-18,Marketing expenses,REF81131474,103.01,0.0,99916.6
2019-08-19,2019-08-19,Business travel,REF95082925,97.46,0.0,99819.14
2019-08-22,2019-08-22,Professional services,REF25939965,184.7,0.0,99634.44
2019-08-22,2019-08-22,Internet and phone service,REF83767051,56.78,0.0,99577.66
2019-08-24,2019-08-24,Equipment purchase,REF72320095,75.61,0.0,99502.05
2019-08-27,2019-08-27,Office supplies,REF36343926,40.84,0.0,99461.21
2019-08-31,2019-08-31,Office supplies,REF35960887,49.2,0.0,99412.01
2019-09-06,2019-09-06,Professional services,REF17883679,251.31,0.0,99160.7
2019-09-09,2019-09-09,Software subscription,REF85594847,172.41,0.0,98988.29
2019-09-14,2019-09-14,Office supplies,REF99721602,70.18,0.0,98918.11
2019-09-15,2019-09-15,Business insurance premium,REF14932206,138.69,0.0,98779.42
2019-09-15,2019-09-15,Project payment - Doyle Ltd,REF95464093,0.0,1312.08,100091.5
2019-09-15,2019-09-15,"Project payment - Mcclain, Miller and Henderson",REF26660146,0.0,2391.86,102483.36
2019-09-15,2019-09-15,"Project payment - Rodriguez, Figueroa and Sanchez",REF40290697,0.0,2294.9,104778.26
2019-09-18,2019-09-18,Business travel,REF31614051,147.52,0.0,104630.74
2019-09-23,2019-09-23,Equipment purchase,REF38101860,140.94,0.0,104489.8
2019-10-04,2019-10-04,Equipment purchase,REF57545509,99.39,0.0,104390.41
2019-10-05,2019-10-05,Marketing expenses,REF39978785,213.22,0.0,104177.19
2019-10-09,2019-10-09,Software subscription,REF27174564,182.71,0.0,103994.48
2019-10-12,2019-10-12,Office supplies,REF60293414,88.79,0.0,103905.69
2019-10-15,2019-10-15,Office supplies,REF36239356,67.99,0.0,103837.7
2019-10-15,2019-10-15,Business insurance premium,REF47038197,138.3,0.0,103699.4
2019-10-15,2019-10-15,Professional services,REF19844090,275.19,0.0,103424.21
2019-10-15,2019-10-15,Project payment - Doyle Ltd,REF38476576,0.0,1681.04,105105.25
2019-10-15,2019-10-15,"Payment from Rodriguez, Figueroa and Sanchez",REF60513883,0.0,1881.67,106986.92
2019-10-15,2019-10-15,"Payment from Mcclain, Miller and Henderson",REF63809563,0.0,2591.69,109578.61
2019-10-17,2019-10-17,Business travel,REF49286988,50.51,0.0,109528.1
2019-10-23,2019-10-23,Internet and phone service,REF34272027,90.57,0.0,109437.53
2019-10-24,2019-10-24,Office supplies,REF32271156,52.57,0.0,109384.96
2019-10-30,2019-10-30,Professional services,REF43386237,231.02,0.0,109153.94
2019-11-08,2019-11-08,Office supplies,REF60398821,57.38,0.0,109096.56
2019-11-09,2019-11-09,Software subscription,REF34689951,172.03,0.0,108924.53
2019-11-11,2019-11-11,Professional services,REF59155936,224.41,0.0,108700.12
2019-11-12,2019-11-12,Internet and phone service,REF35397768,60.71,0.0,108639.41
2019-11-15,2019-11-15,Business insurance premium,REF52177577,135.84,0.0,108503.57
2019-11-15,2019-11-15,Payment from Doyle Ltd,REF98268733,0.0,1732.66,110236.23
2019-11-15,2019-11-15,"Project payment - Rodriguez, Figueroa and Sanchez",REF48191844,0.0,1833.88,112070.11
2019-11-15,2019-11-15,Internet and phone service,REF95747671,77.62,0.0,111992.49
2019-11-17,2019-11-17,Office supplies,REF80934835,47.51,0.0,111944.98
2019-11-20,2019-11-20,Office supplies,REF13897619,70.13,0.0,111874.85
2019-11-21,2019-11-21,Office supplies,REF48149359,23.13,0.0,111851.72
2019-11-24,2019-11-24,Business travel,REF17467870,169.32,0.0,111682.4
2019-11-25,2019-11-25,Office supplies,REF58206874,22.61,0.0,111659.79
2019-11-25,2019-11-25,Equipment purchase,REF81562157,148.01,0.0,111511.78
2019-11-29,2019-11-29,Business travel,REF71076519,162.77,0.0,111349.01
2019-11-30,2019-11-30,Office supplies,REF40807200,90.35,0.0,111258.66
2019-12-01,2019-12-01,Equipment purchase,REF92117261,148.64,0.0,111110.02
2019-12-07,2019-12-07,Training/conference,REF90274964,78.02,0.0,111032.0
2019-12-09,2019-12-09,Office supplies,REF26356670,52.84,0.0,110979.16
2019-12-09,2019-12-09,Software subscription,REF88596259,113.88,0.0,110865.28
2019-12-13,2019-12-13,Internet and phone service,REF90913793,73.37,0.0,110791.91
2019-12-14,2019-12-14,Internet and phone service,REF89297573,83.65,0.0,110708.26
2019-12-15,2019-12-15,Project payment - Doyle Ltd,REF43932579,0.0,1311.76,112020.02
2019-12-15,2019-12-15,"Payment from Mcclain, Miller and Henderson",REF56203390,0.0,1412.68,113432.7
2019-12-15,2019-12-15,"Payment from Rodriguez, Figueroa and Sanchez",REF31701976,0.0,1457.69,114890.39
2019-12-15,2019-12-15,Business insurance premium,REF79745887,109.04,0.0,114781.35
2019-12-16,2019-12-16,Business travel,REF41462677,187.07,0.0,114594.28
2019-12-19,2019-12-19,Office supplies,REF27556089,23.55,0.0,114570.73
2019-12-22,2019-12-22,Training/conference,REF15615054,97.43,0.0,114473.3
2019-12-22,2019-12-22,Professional services,REF20535517,185.3,0.0,114288.0
2020-01-08,2020-01-08,Marketing expenses,REF42063094,165.49,0.0,114122.51
2020-01-09,2020-01-09,Software subscription,REF57956029,111.72,0.0,114010.79
2020-01-12,2020-01-12,Office supplies,REF43713053,34.76,0.0,113976.03
2020-01-15,2020-01-15,Office supplies,REF98361644,33.84,0.0,113942.19
2020-01-15,2020-01-15,"Payment from Rodriguez, Figueroa and Sanchez",REF16179064,0.0,1324.41,115266.6
2020-01-15,2020-01-15,Business insurance premium,REF88318803,101.67,0.0,115164.93
2020-01-15,2020-01-15,"Payment from Mcclain, Miller and Henderson",REF79447646,0.0,1308.32,116473.25
2020-01-15,2020-01-15,Invoice payment - Doyle Ltd,REF91854134,0.0,1401.85,117875.1
2020-01-16,2020-01-16,Professional services,REF45026034,166.57,0.0,117708.53
2020-01-22,2020-01-22,Training/conference,REF97650679,66.38,0.0,117642.15
2020-01-23,2020-01-23,Business travel,REF23358729,87.97,0.0,117554.18
2020-01-25,2020-01-25,Business travel,REF17282060,85.41,0.0,117468.77
2020-01-28,2020-01-28,Professional services,REF44276105,180.52,0.0,117288.25
2020-01-30,2020-01-30,Office supplies,REF25304321,31.55,0.0,117256.7
2020-02-05,2020-02-05,Professional services,REF77102324,225.54,0.0,117031.16
2020-02-08,2020-02-08,Office supplies,REF10065197,38.11,0.0,116993.05
2020-02-09,2020-02-09,Software subscription,REF65363943,140.79,0.0,116852.26
2020-02-11,2020-02-11,Professional services,REF88680980,296.24,0.0,116556.02
2020-02-15,2020-02-15,Business insurance premium,REF93069483,101.56,0.0,116454.46
2020-02-15,2020-02-15,"Invoice payment - Rodriguez, Figueroa and Sanchez",REF96952159,0.0,1628.93,118083.39
2020-02-15,2020-02-15,Invoice payment - Doyle Ltd,REF72550713,0.0,1317.4,119400.79
2020-02-17,2020-02-17,Office supplies,REF29443694,24.19,0.0,119376.6
2020-02-23,2020-02-23,Equipment purchase,REF43167310,80.97,0.0,119295.63
2020-02-26,2020-02-26,Business travel,REF20737296,120.07,0.0,119175.56
2020-02-29,2020-02-29,Training/conference,REF36793200,80.37,0.0,119095.19
2020-03-01,2020-03-01,Internet and phone service,REF60750466,76.88,0.0,119018.31
2020-03-02,2020-03-02,Office supplies,REF61608688,30.29,0.0,118988.02
2020-03-03,2020-03-03,Internet and phone service,REF20491593,76.5,0.0,118911.52
2020-03-09,2020-03-09,Software subscription,REF38536627,179.4,0.0,118732.12
2020-03-10,2020-03-10,Business travel,REF85247979,124.05,0.0,118608.07
2020-03-14,2020-03-14,Internet and phone service,REF32631985,70.67,0.0,118537.4
2020-03-15,2020-03-15,Business insurance premium,REF62169641,135.93,0.0,118401.47
2020-03-15,2020-03-15,"Invoice payment - Rodriguez, Figueroa and Sanchez",REF79676468,0.0,1767.69,120169.16
2020-03-15,2020-03-15,Service payment - Doyle Ltd,REF13360966,0.0,1829.39,121998.55
2020-03-15,2020-03-15,"Project payment - Mcclain, Miller and Henderson",REF55209152,0.0,1819.83,123818.38
2020-03-15,2020-03-15,Equipment purchase,REF78036374,118.09,0.0,123700.29
2020-03-16,2020-03-16,Training/conference,REF54834175,69.0,0.0,123631.29
2020-03-28,2020-03-28,Internet and phone service,REF66248727,21.92,0.0,123609.37
2020-03-29,2020-03-29,Business travel,REF72430224,132.36,0.0,123477.01
2020-03-31,2020-03-31,Equipment purchase,REF95481244,85.37,0.0,123391.64
2020-03-31,2020-03-31,Office supplies,REF54009393,23.39,0.0,123368.25
2020-04-02,2020-04-02,Business travel,REF20072142,161.94,0.0,123206.31
2020-04-03,2020-04-03,Internet and phone service,REF58746297,42.33,0.0,123163.98
2020-04-03,2020-04-03,Office supplies,REF82158008,61.28,0.0,123102.7
2020-04-06,2020-04-06,Office supplies,REF73319080,55.21,0.0,123047.49
2020-04-09,2020-04-09,Software subscription,REF56536652,168.86,0.0,122878.63
2020-04-10,2020-04-10,Marketing expenses,REF90694639,217.47,0.0,122661.16
2020-04-10,2020-04-10,Professional services,REF67325744,306.83,0.0,122354.33
2020-04-15,2020-04-15,Business insurance premium,REF70798357,114.44,0.0,122239.89
2020-04-15,2020-04-15,Invoice payment - Doyle Ltd,REF44758312,0.0,1537.05,123776.94
2020-04-15,2020-04-15,"Payment from Rodriguez, Figueroa and Sanchez",REF77911424,0.0,1762.9,125539.84
2020-04-15,2020-04-15,"Service payment - Mcclain, Miller and Henderson",REF48483441,0.0,1770.64,127310.48
2020-04-18,2020-04-18,Professional services,REF89248031,287.38,0.0,127023.1
2020-04-20,2020-04-20,Professional services,REF15602459,129.24,0.0,126893.86
2020-05-03,2020-05-03,Training/conference,REF28630194,93.75,0.0,126800.11
2020-05-05,2020-05-05,Office supplies,REF21334437,53.02,0.0,126747.09
2020-05-09,2020-05-09,Office supplies,REF86421871,66.49,0.0,126680.6
2020-05-09,2020-05-09,Software subscription,REF78288432,147.84,0.0,126532.76
2020-05-09,2020-05-09,Marketing expenses,REF85235855,337.74,0.0,126195.02
2020-05-11,2020-05-11,Office supplies,REF24168931,80.91,0.0,126114.11
2020-05-13,2020-05-13,Office supplies,REF25074475,46.12,0.0,126067.99
2020-05-14,2020-05-14,Professional services,REF93240398,159.04,0.0,125908.95
2020-05-15,2020-05-15,"Payment from Rodriguez, Figueroa and Sanchez",REF27765710,0.0,1594.41,127503.36
2020-05-15,2020-05-15,"Invoice payment - Mcclain, Miller and Henderson",REF38956943,0.0,1932.93,129436.29
2020-05-15,2020-05-15,Service payment - Doyle Ltd,REF42109863,0.0,1458.49,130894.78
2020-05-15,2020-05-15,Business insurance premium,REF34939386,121.69,0.0,130773.09
2020-05-21,2020-05-21,Office supplies,REF65543894,28.55,0.0,130744.54
2020-05-23,2020-05-23,Professional services,REF62896175,149.6,0.0,130594.94
2020-05-25,2020-05-25,Equipment purchase,REF82726653,99.11,0.0,130495.83
2020-05-29,2020-05-29,Internet and phone service,REF76649133,81.73,0.0,130414.1
2020-06-05,2020-06-05,Marketing expenses,REF71844121,214.3,0.0,130199.8
2020-06-09,2020-06-09,Software subscription,REF88157681,131.78,0.0,130068.02
2020-06-09,2020-06-09,Office supplies,REF71569657,49.39,0.0,130018.63
2020-06-11,2020-06-11,Office supplies,REF39883471,59.92,0.0,129958.71
2020-06-14,2020-06-14,Business travel,REF64636030,34.69,0.0,129924.02
2020-06-15,2020-06-15,Business insurance premium,REF89819412,99.75,0.0,129824.27
2020-06-15,2020-06-15,"Payment from Rodriguez, Figueroa and Sanchez",REF69798437,0.0,1498.79,131323.06
2020-06-15,2020-06-15,Invoice payment - Doyle Ltd,REF34709383,0.0,1224.13,132547.19
2020-06-15,2020-06-15,"Payment from Mcclain, Miller and Henderson",REF53039181,0.0,1465.96,134013.15
2020-06-16,2020-06-16,Training/conference,REF66598697,124.32,0.0,133888.83
2020-06-16,2020-06-16,Internet and phone service,REF39860028,59.65,0.0,133829.18
2020-06-17,2020-06-17,Marketing expenses,REF57752570,200.37,0.0,133628.81
2020-06-17,2020-06-17,Equipment purchase,REF75932792,62.12,0.0,133566.69
2020-06-20,2020-06-20,Marketing expenses,REF41786606,273.45,0.0,133293.24
2020-06-23,2020-06-23,Equipment purchase,REF44921201,48.35,0.0,133244.89
2020-06-24,2020-06-24,Professional services,REF36830122,303.48,0.0,132941.41
2020-06-25,2020-06-25,Marketing expenses,REF46853712,24.07,0.0,132917.34
2020-06-28,2020-06-28,Office supplies,REF67921086,34.26,0.0,132883.08
2020-06-29,2020-06-29,Office supplies,REF81727670,31.95,0.0,132851.13
2020-07-01,2020-07-01,Marketing expenses,REF13622058,159.45,0.0,132691.68
2020-07-03,2020-07-03,Office supplies,REF94285265,26.92,0.0,132664.76
2020-07-05,2020-07-05,Office supplies,REF84801306,43.64,0.0,132621.12
2020-07-06,2020-07-06,Business travel,REF92315179,103.73,0.0,132517.39
2020-07-09,2020-07-09,Software subscription,REF79157013,120.02,0.0,132397.37
2020-07-10,2020-07-10,Internet and phone service,REF72128680,26.79,0.0,132370.58
2020-07-10,2020-07-10,Professional services,REF21326873,170.05,0.0,132200.53
2020-07-13,2020-07-13,Office supplies,REF22633945,43.91,0.0,132156.62
2020-07-15,2020-07-15,Business insurance premium,REF29950354,100.39,0.0,132056.23
2020-07-15,2020-07-15,Service payment - Doyle Ltd,REF91654854,0.0,1156.31,133212.54
2020-07-15,2020-07-15,Internet and phone service,REF48788946,58.96,0.0,133153.58
2020-07-15,2020-07-15,"Payment from Mcclain, Miller and Henderson",REF93622193,0.0,1365.81,134519.39
2020-07-15,2020-07-15,Training/conference,REF79054052,79.5,0.0,134439.89
2020-07-15,2020-07-15,"Invoice payment - Rodriguez, Figueroa and Sanchez",REF61877453,0.0,1281.98,135721.87
2020-07-15,2020-07-15,Office supplies,REF94181986,43.29,0.0,135678.58
2020-07-16,2020-07-16,Business travel,REF12470352,121.78,0.0,135556.8
2020-07-16,2020-07-16,Professional services,REF60149267,172.5,0.0,135384.3
2020-07-19,2020-07-19,Professional services,REF14338748,150.53,0.0,135233.77
2020-07-20,2020-07-20,Office supplies,REF72943978,41.17,0.0,135192.6
2020-07-24,2020-07-24,Business travel,REF27326850,155.96,0.0,135036.64
2020-07-28,2020-07-28,Training/conference,REF18775412,77.98,0.0,134958.66
2020-07-29,2020-07-29,Office supplies,REF18911707,51.97,0.0,134906.69
2020-07-29,2020-07-29,Training/conference,REF11516008,57.73,0.0,134848.96
2020-08-09,2020-08-09,Software subscription,REF81897528,101.78,0.0,134747.18
2020-08-09,2020-08-09,Business travel,REF13842043,144.39,0.0,134602.79
2020-08-10,2020-08-10,Office supplies,REF21378747,31.81,0.0,134570.98
2020-08-15,2020-08-15,"Invoice payment - Mcclain, Miller and Henderson",REF33062385,0.0,1311.27,135882.25
2020-08-15,2020-08-15,Business insurance premium,REF80793559,82.24,0.0,135800.01
2020-08-15,2020-08-15,Project payment - Doyle Ltd,REF72404690,0.0,620.23,136420.24
2020-08-15,2020-08-15,"Payment from Rodriguez, Figueroa and Sanchez",REF86831458,0.0,1016.59,137436.83
2020-08-17,2020-08-17,Equipment purchase,REF44182724,118.99,0.0,137317.84
2020-08-21,2020-08-21,Equipment purchase,REF78936880,62.66,0.0,137255.18
2020-09-08,2020-09-08,Business travel,REF98356379,83.29,0.0,137171.89
2020-09-09,2020-09-09,Software subscription,REF39947411,167.89,0.0,137004.0
2020-09-11,2020-09-11,Training/conference,REF28319836,74.7,0.0,136929.3
2020-09-12,2020-09-12,Office supplies,REF64324558,53.26,0.0,136876.04
2020-09-15,2020-09-15,Service payment - Doyle Ltd,REF36119311,0.0,1281.47,138157.51
2020-09-15,2020-09-15,"Payment from Rodriguez, Figueroa and Sanchez",REF10354100,0.0,1738.42,139895.93
2020-09-15,2020-09-15,"Invoice payment - Mcclain, Miller and Henderson",REF21434838,0.0,2654.85,142550.78
2020-09-15,2020-09-15,Business insurance premium,REF67523277,134.39,0.0,142416.39
2020-09-23,2020-09-23,Internet and phone service,REF53381488,109.99,0.0,142306.4
2020-09-26,2020-09-26,Marketing expenses,REF24547672,258.57,0.0,142047.83
2020-09-28,2020-09-28,Internet and phone service,REF28940921,78.44,0.0,141969.39
2020-10-04,2020-10-04,Office supplies,REF79531344,55.76,0.0,141913.63
2020-10-05,2020-10-05,Office supplies,REF26291583,103.92,0.0,141809.71
2020-10-06,2020-10-06,Office supplies,REF28430026,53.23,0.0,141756.48
2020-10-07,2020-10-07,Office supplies,REF74804388,57.06,0.0,141699.42
2020-10-09,2020-10-09,Software subscription,REF21661228,169.77,0.0,141529.65
2020-10-13,2020-10-13,Professional services,REF50061724,295.61,0.0,141234.04
2020-10-15,2020-10-15,"Project payment - Rodriguez, Figueroa and Sanchez",REF70269099,0.0,1859.09,143093.13
2020-10-15,2020-10-15,Project payment - Doyle Ltd,REF31956309,0.0,1825.72,144918.85
2020-10-15,2020-10-15,Business insurance premium,REF25148805,142.59,0.0,144776.26
2020-10-15,2020-10-15,"Project payment - Mcclain, Miller and Henderson",REF52063059,0.0,1420.32,146196.58
2020-10-25,2020-10-25,Business travel,REF80266267,107.46,0.0,146089.12
2020-10-26,2020-10-26,Marketing expenses,REF75355877,115.47,0.0,145973.65
2020-10-27,2020-10-27,Internet and phone service,REF88934488,108.67,0.0,145864.98
2020-10-27,2020-10-27,Marketing expenses,REF14639885,152.31,0.0,145712.67
2020-11-02,2020-11-02,Internet and phone service,REF67868983,126.23,0.0,145586.44
2020-11-08,2020-11-08,Professional services,REF71295595,268.74,0.0,145317.7
2020-11-09,2020-11-09,Software subscription,REF75124545,155.11,0.0,145162.59
2020-11-13,2020-11-13,Professional services,REF39929201,230.77,0.0,144931.82
2020-11-15,2020-11-15,"Payment from Mcclain, Miller and Henderson",REF72897390,0.0,2220.58,147152.4
2020-11-15,2020-11-15,Business insurance premium,REF19253294,126.14,0.0,147026.26
2020-11-15,2020-11-15,Project payment - Doyle Ltd,REF27778224,0.0,1677.26,148703.52
2020-11-18,2020-11-18,Professional services,REF62965561,373.11,0.0,148330.41
2020-11-23,2020-11-23,Professional services,REF74648235,249.81,0.0,148080.6
2020-12-05,2020-12-05,Business travel,REF69069391,167.85,0.0,147912.75
2020-12-07,2020-12-07,Training/conference,REF15200148,108.09,0.0,147804.66
2020-12-07,2020-12-07,Business travel,REF89174522,96.03,0.0,147708.63
2020-12-09,2020-12-09,Software subscription,REF69400562,150.39,0.0,147558.24
2020-12-12,2020-12-12,Office supplies,REF38634327,58.81,0.0,147499.43
2020-12-13,2020-12-13,Internet and phone service,REF66954165,44.24,0.0,147455.19
2020-12-15,2020-12-15,Business insurance premium,REF45835752,107.91,0.0,147347.28
2020-12-15,2020-12-15,Project payment - Doyle Ltd,REF62926088,0.0,1076.19,148423.47
2020-12-15,2020-12-15,"Invoice payment - Mcclain, Miller and Henderson",REF26777400,0.0,1462.05,149885.52
2020-12-21,2020-12-21,Office supplies,REF38600505,66.51,0.0,149819.01
2020-12-22,2020-12-22,Office supplies,REF81273769,33.38,0.0,149785.63
2020-12-24,2020-12-24,Office supplies,REF16830971,45.04,0.0,149740.59
2020-12-26,2020-12-26,Office supplies,REF70257049,42.16,0.0,149698.43
2020-12-27,2020-12-27,Marketing expenses,REF79009051,230.79,0.0,149467.64
2020-12-28,2020-12-28,Business travel,REF88590809,132.76,0.0,149334.88
2020-12-30,2020-12-30,Professional services,REF81162779,196.09,0.0,149138.79
2021-01-09,2021-01-09,Software subscription,REF42861829,137.06,0.0,149001.73
2021-01-11,2021-01-11,Office supplies,REF93482765,16.94,0.0,148984.79
2021-01-12,2021-01-12,Professional services,REF14667423,265.9,0.0,148718.89
2021-01-15,2021-01-15,Business insurance premium,REF56900647,94.06,0.0,148624.83
2021-01-15,2021-01-15,"Payment from Rodriguez, Figueroa and Sanchez",REF39119055,0.0,1194.62,149819.45
2021-01-15,2021-01-15,"Service payment - Mcclain, Miller and Henderson",REF57472978,0.0,1486.14,151305.59
2021-01-15,2021-01-15,Project payment - Doyle Ltd,REF68446715,0.0,1194.22,152499.81
2021-01-27,2021-01-27,Business travel,REF36226802,126.6,0.0,152373.21
2021-02-03,2021-02-03,Office supplies,REF45491168,53.36,0.0,152319.85
2021-02-04,2021-02-04,Training/conference,REF62172644,133.39,0.0,152186.46
2021-02-05,2021-02-05,Office supplies,REF13521188,40.91,0.0,152145.55
2021-02-09,2021-02-09,Software subscription,REF13541478,125.24,0.0,152020.31
2021-02-11,2021-02-11,Internet and phone service,REF66460027,105.49,0.0,151914.82
2021-02-12,2021-02-12,Professional services,REF65929152,105.18,0.0,151809.64
2021-02-12,2021-02-12,Internet and phone service,REF95573091,82.81,0.0,151726.83
2021-02-12,2021-02-12,Business travel,REF67789897,100.68,0.0,151626.15
2021-02-14,2021-02-14,Professional services,REF85939411,212.43,0.0,151413.72
2021-02-14,2021-02-14,Office supplies,REF73976112,41.99,0.0,151371.73
2021-02-14,2021-02-14,Equipment purchase,REF91907777,95.89,0.0,151275.84
2021-02-15,2021-02-15,Business insurance premium,REF52327327,100.67,0.0,151175.17
2021-02-15,2021-02-15,"Payment from Mcclain, Miller and Henderson",REF68950325,0.0,1411.08,152586.25
2021-02-15,2021-02-15,"Service payment - Rodriguez, Figueroa and Sanchez",REF16045000,0.0,1583.38,154169.63
2021-02-15,2021-02-15,Office supplies,REF72181331,46.42,0.0,154123.21
2021-02-21,2021-02-21,Office supplies,REF85657538,33.99,0.0,154089.22
2021-02-23,2021-02-23,Equipment purchase,REF26466526,80.36,0.0,154008.86
2021-02-23,2021-02-23,Professional services,REF54562019,320.58,0.0,153688.28
2021-02-23,2021-02-23,Internet and phone service,REF81580082,77.69,0.0,153610.59
2021-03-01,2021-03-01,Training/conference,REF89868750,109.12,0.0,153501.47
2021-03-03,2021-03-03,Equipment purchase,REF58132603,125.07,0.0,153376.4
2021-03-09,2021-03-09,Software subscription,REF70829845,192.69,0.0,153183.71
2021-03-15,2021-03-15,"Invoice payment - Mcclain, Miller and Henderson",REF35484163,0.0,2150.89,155334.6
2021-03-15,2021-03-15,Business insurance premium,REF30601461,134.84,0.0,155199.76
2021-03-15,2021-03-15,Office supplies,REF88702317,45.11,0.0,155154.65
2021-03-25,2021-03-25,Business travel,REF67604744,209.15,0.0,154945.5
2021-04-02,2021-04-02,Office supplies,REF34300936,47.6,0.0,154897.9
2021-04-05,2021-04-05,Office supplies,REF16769497,82.66,0.0,154815.24
2021-04-07,2021-04-07,Professional services,REF58621527,217.62,0.0,154597.62
2021-04-09,2021-04-09,Software subscription,REF12796890,168.05,0.0,154429.57
2021-04-14,2021-04-14,Business travel,REF47366637,121.18,0.0,154308.39
2021-04-15,2021-04-15,Business insurance premium,REF42487630,123.55,0.0,154184.84
2021-04-15,2021-04-15,Payment from Doyle Ltd,REF22510408,0.0,1399.15,155583.99
2021-04-15,2021-04-15,"Service payment - Mcclain, Miller and Henderson",REF70794532,0.0,1360.44,156944.43
2021-04-15,2021-04-15,"Project payment - Rodriguez, Figueroa and Sanchez",REF90823433,0.0,1855.8,158800.23
2021-04-21,2021-04-21,Professional services,REF20727579,350.69,0.0,158449.54
2021-04-22,2021-04-22,Professional services,REF36385332,255.92,0.0,158193.62
2021-04-26,2021-04-26,Office supplies,REF98926517,46.64,0.0,158146.98
2021-04-28,2021-04-28,Training/conference,REF76020843,86.24,0.0,158060.74
2021-04-28,2021-04-28,Marketing expenses,REF14343975,357.04,0.0,157703.7
2021-04-30,2021-04-30,Professional services,REF49557604,322.76,0.0,157380.94
2021-05-04,2021-05-04,Office supplies,REF20674487,55.65,0.0,157325.29
2021-05-09,2021-05-09,Software subscription,REF50769262,122.93,0.0,157202.36
2021-05-10,2021-05-10,Marketing expenses,REF12356869,156.4,0.0,157045.96
2021-05-11,2021-05-11,Equipment purchase,REF51686514,116.85,0.0,156929.11
2021-05-14,2021-05-14,Office supplies,REF40590002,34.28,0.0,156894.83
2021-05-15,2021-05-15,Business insurance premium,REF42030922,123.5,0.0,156771.33
2021-05-15,2021-05-15,"Invoice payment - Mcclain, Miller and Henderson",REF38535325,0.0,1990.45,158761.78
2021-05-15,2021-05-15,"Project payment - Rodriguez, Figueroa and Sanchez",REF87257471,0.0,1637.37,160399.15
2021-05-15,2021-05-15,Service payment - Doyle Ltd,REF37434787,0.0,1483.65,161882.8
2021-05-15,2021-05-15,Marketing expenses,REF41705986,210.48,0.0,161672.32
2021-05-21,2021-05-21,Office supplies,REF22999131,31.27,0.0,161641.05
2021-05-21,2021-05-21,Marketing expenses,REF17301126,237.75,0.0,161403.3
2021-05-22,2021-05-22,Marketing expenses,REF94508906,102.25,0.0,161301.05
2021-05-23,2021-05-23,Professional services,REF67910656,277.37,0.0,161023.68
2021-05-27,2021-05-27,Professional services,REF90177517,319.06,0.0,160704.62
2021-06-03,2021-06-03,Internet and phone service,REF56145921,64.81,0.0,160639.81
2021-06-07,2021-06-07,Professional services,REF82023826,231.08,0.0,160408.73
2021-06-09,2021-06-09,Software subscription,REF90214577,135.04,0.0,160273.69
2021-06-09,2021-06-09,Marketing expenses,REF57071953,244.56,0.0,160029.13
2021-06-09,2021-06-09,Office supplies,REF59349605,59.56,0.0,159969.57
2021-06-15,2021-06-15,Business insurance premium,REF45646255,109.28,0.0,159860.29
2021-06-15,2021-06-15,Invoice payment - Doyle Ltd,REF89085701,0.0,1519.26,161379.55
2021-06-15,2021-06-15,"Invoice payment - Mcclain, Miller and Henderson",REF82230567,0.0,1693.56,163073.11
2021-06-15,2021-06-15,"Payment from Rodriguez, Figueroa and Sanchez",REF58709840,0.0,1905.03,164978.14
2021-06-16,2021-06-16,Professional services,REF49309201,196.29,0.0,164781.85
2021-06-18,2021-06-18,Professional services,REF92431555,343.62,0.0,164438.23
2021-06-20,2021-06-20,Professional services,REF71019369,93.31,0.0,164344.92
2021-06-20,2021-06-20,Training/conference,REF73701246,105.34,0.0,164239.58
2021-06-24,2021-06-24,Internet and phone service,REF89593248,93.23,0.0,164146.35
2021-06-24,2021-06-24,Office supplies,REF60364681,38.17,0.0,164108.18
2021-06-28,2021-06-28,Training/conference,REF32855157,95.24,0.0,164012.94
2021-07-05,2021-07-05,Office supplies,REF96531067,51.31,0.0,163961.63
2021-07-07,2021-07-07,Marketing expenses,REF25571738,135.16,0.0,163826.47
2021-07-09,2021-07-09,Software subscription,REF37424331,135.14,0.0,163691.33
2021-07-12,2021-07-12,Business travel,REF22492536,193.07,0.0,163498.26
2021-07-14,2021-07-14,Professional services,REF78698447,192.16,0.0,163306.1
2021-07-15,2021-07-15,"Project payment - Rodriguez, Figueroa and Sanchez",REF21250503,0.0,1645.15,164951.25
2021-07-15,2021-07-15,Payment from Doyle Ltd,REF48502382,0.0,777.37,165728.62
2021-07-15,2021-07-15,Business insurance premium,REF80719667,106.93,0.0,165621.69
2021-07-17,2021-07-17,Office supplies,REF65778468,35.29,0.0,165586.4
2021-07-24,2021-07-24,Professional services,REF34522880,197.87,0.0,165388.53
2021-07-27,2021-07-27,Equipment purchase,REF88945184,103.46,0.0,165285.07
2021-07-28,2021-07-28,Office supplies,REF18322037,42.24,0.0,165242.83
2021-07-30,2021-07-30,Internet and phone service,REF74099438,23.42,0.0,165219.41
2021-08-06,2021-08-06,Equipment purchase,REF31189622,50.71,0.0,165168.7
2021-08-09,2021-08-09,Software subscription,REF14150926,109.83,0.0,165058.87
2021-08-11,2021-08-11,Business travel,REF67299300,114.14,0.0,164944.73
2021-08-12,2021-08-12,Office supplies,REF29870523,14.14,0.0,164930.59
2021-08-12,2021-08-12,Business travel,REF16974203,53.14,0.0,164877.45
2021-08-13,2021-08-13,Office supplies,REF96336311,36.36,0.0,164841.09
2021-08-15,2021-08-15,Business insurance premium,REF26993144,79.52,0.0,164761.57
2021-08-15,2021-08-15,"Project payment - Rodriguez, Figueroa and Sanchez",REF47198120,0.0,1265.92,166027.49
2021-08-15,2021-08-15,Payment from Doyle Ltd,REF60245264,0.0,1138.6,167166.09
2021-08-15,2021-08-15,"Payment from Mcclain, Miller and Henderson",REF95885645,0.0,1381.37,168547.46
2021-08-19,2021-08-19,Business travel,REF44763042,113.41,0.0,168434.05
2021-08-21,2021-08-21,Office supplies,REF84713522,38.11,0.0,168395.94
2021-08-22,2021-08-22,Professional services,REF26787516,117.12,0.0,168278.82
2021-08-31,2021-08-31,Office supplies,REF10120469,43.74,0.0,168235.08
2021-09-08,2021-09-08,Marketing expenses,REF59127048,125.13,0.0,168109.95
2021-09-09,2021-09-09,Software subscription,REF54236590,195.73,0.0,167914.22
2021-09-10,2021-09-10,Professional services,REF85108644,364.11,0.0,167550.11
2021-09-11,2021-09-11,Marketing expenses,REF81712069,204.79,0.0,167345.32
2021-09-14,2021-09-14,Business travel,REF77058544,220.79,0.0,167124.53
2021-09-15,2021-09-15,Business insurance premium,REF79530131,136.6,0.0,166987.93
2021-09-15,2021-09-15,"Invoice payment - Rodriguez, Figueroa and Sanchez",REF85097185,0.0,1674.87,168662.8
2021-09-15,2021-09-15,Project payment - Doyle Ltd,REF63513484,0.0,1922.14,170584.94
2021-09-15,2021-09-15,"Payment from Mcclain, Miller and Henderson",REF64765954,0.0,2249.14,172834.08
2021-09-18,2021-09-18,Marketing expenses,REF17309356,180.64,0.0,172653.44
2021-09-23,2021-09-23,Business travel,REF19946581,210.81,0.0,172442.63
2021-10-02,2021-10-02,Equipment purchase,REF59988386,114.68,0.0,172327.95
2021-10-09,2021-10-09,Software subscription,REF41540226,164.1,0.0,172163.85
2021-10-09,2021-10-09,Professional services,REF31576654,331.16,0.0,171832.69
2021-10-15,2021-10-15,Marketing expenses,REF95089214,257.97,0.0,171574.72
2021-10-15,2021-10-15,"Invoice payment - Rodriguez, Figueroa and Sanchez",REF55367230,0.0,2113.98,173688.7
2021-10-15,2021-10-15,Business insurance premium,REF33882152,140.9,0.0,173547.8
2021-10-15,2021-10-15,Service payment - Doyle Ltd,REF93781652,0.0,1959.64,175507.44
2021-10-17,2021-10-17,Professional services,REF41532720,203.78,0.0,175303.66
2021-10-18,2021-10-18,Business travel,REF93652885,157.91,0.0,175145.75
2021-10-31,2021-10-31,Office supplies,REF52431936,57.3,0.0,175088.45
2021-11-01,2021-11-01,Professional services,REF98162535,182.98,0.0,174905.47
2021-11-02,2021-11-02,Training/conference,REF19762006,76.59,0.0,174828.88
2021-11-05,2021-11-05,Office supplies,REF24710222,76.17,0.0,174752.71
2021-11-08,2021-11-08,Office supplies,REF75268529,14.64,0.0,174738.07
2021-11-09,2021-11-09,Software subscription,REF59831464,178.37,0.0,174559.7
2021-11-11,2021-11-11,Professional services,REF95068704,258.79,0.0,174300.91
2021-11-14,2021-11-14,Training/conference,REF50286763,135.38,0.0,174165.53
2021-11-15,2021-11-15,Invoice payment - Doyle Ltd,REF39665133,0.0,1686.48,175852.01
2021-11-15,2021-11-15,Business insurance premium,REF75653159,142.64,0.0,175709.37
2021-11-15,2021-11-15,"Payment from Rodriguez, Figueroa and Sanchez",REF71344380,0.0,1927.56,177636.93
2021-11-15,2021-11-15,Business travel,REF36701523,115.7,0.0,177521.23
2021-11-15,2021-11-15,"Payment from Mcclain, Miller and Henderson",REF53228291,0.0,1834.99,179356.22
2021-11-15,2021-11-15,Training/conference,REF66528344,217.01,0.0,179139.21
2021-11-16,2021-11-16,Professional services,REF85278301,202.41,0.0,178936.8
2021-11-17,2021-11-17,Office supplies,REF10729525,70.35,0.0,178866.45
2021-11-25,2021-11-25,Office supplies,REF57118544,64.29,0.0,178802.16
2021-11-27,2021-11-27,Professional services,REF65472310,316.47,0.0,178485.69
2021-12-03,2021-12-03,Internet and phone service,REF21398245,64.89,0.0,178420.8
2021-12-04,2021-12-04,Marketing expenses,REF94278315,143.74,0.0,178277.06
2021-12-04,2021-12-04,Office supplies,REF35385332,58.97,0.0,178218.09
2021-12-08,2021-12-08,Training/conference,REF35014841,91.08,0.0,178127.01
2021-12-09,2021-12-09,Software subscription,REF40792640,163.53,0.0,177963.48
2021-12-10,2021-12-10,Marketing expenses,REF17327065,271.61,0.0,177691.87
2021-12-15,2021-12-15,Business travel,REF71898878,181.65,0.0,177510.22
2021-12-15,2021-12-15,"Payment from Mcclain, Miller and Henderson",REF14395472,0.0,1605.69,179115.91
2021-12-15,2021-12-15,Service payment - Doyle Ltd,REF34039713,0.0,1206.93,180322.84
2021-12-15,2021-12-15,Business insurance premium,REF19788774,106.35,0.0,180216.49
2021-12-15,2021-12-15,"Invoice payment - Rodriguez, Figueroa and Sanchez",REF38084121,0.0,1413.74,181630.23
2021-12-18,2021-12-18,Business travel,REF20647514,158.87,0.0,181471.36
2021-12-20,2021-12-20,Office supplies,REF97040063,46.41,0.0,181424.95
2021-12-21,2021-12-21,Marketing expenses,REF91868414,229.48,0.0,181195.47
2021-12-24,2021-12-24,Equipment purchase,REF34727605,36.62,0.0,181158.85
2021-12-30,2021-12-30,Professional services,REF46026014,95.71,0.0,181063.14
2022-01-04,2022-01-04,Marketing expenses,REF35094549,201.48,0.0,180861.66
2022-01-08,2022-01-08,Equipment purchase,REF63582693,76.44,0.0,180785.22
2022-01-09,2022-01-09,Software subscription,REF77925542,105.29,0.0,180679.93
2022-01-15,2022-01-15,Invoice payment - Doyle Ltd,REF62795193,0.0,1142.53,181822.46
2022-01-15,2022-01-15,"Service payment - Rodriguez, Figueroa and Sanchez",REF78240284,0.0,1375.01,183197.47
2022-01-15,2022-01-15,"Project payment - Mcclain, Miller and Henderson",REF53389493,0.0,1559.54,184757.01
2022-01-15,2022-01-15,Business insurance premium,REF54600603,96.59,0.0,184660.42
2022-01-20,2022-01-20,Equipment purchase,REF44222197,55.6,0.0,184604.82
2022-01-20,2022-01-20,Business travel,REF25489587,116.27,0.0,184488.55
2022-01-21,2022-01-21,Training/conference,REF15089275,74.03,0.0,184414.52
2022-01-24,2022-01-24,Professional services,REF61476332,265.85,0.0,184148.67
2022-02-01,2022-02-01,Office supplies,REF94838812,5.0,0.0,184143.67
2022-02-02,2022-02-02,Internet and phone service,REF78495091,84.94,0.0,184058.73
2022-02-04,2022-02-04,Professional services,REF72786392,243.89,0.0,183814.84
2022-02-05,2022-02-05,Training/conference,REF27173895,138.46,0.0,183676.38
2022-02-08,2022-02-08,Business travel,REF19039414,99.58,0.0,183576.8
2022-02-09,2022-02-09,Software subscription,REF25019035,148.32,0.0,183428.48
2022-02-10,2022-02-10,Professional services,REF63532116,216.46,0.0,183212.02
2022-02-12,2022-02-12,Internet and phone service,REF88840875,58.6,0.0,183153.42
2022-02-15,2022-02-15,"Service payment - Rodriguez, Figueroa and Sanchez",REF69883009,0.0,1619.52,184772.94
2022-02-15,2022-02-15,"Invoice payment - Mcclain, Miller and Henderson",REF57570429,0.0,1666.01,186438.95
2022-02-15,2022-02-15,Business insurance premium,REF54883787,112.23,0.0,186326.72
2022-02-15,2022-02-15,Payment from Doyle Ltd,REF64410109,0.0,1030.47,187357.19
2022-02-22,2022-02-22,Office supplies,REF19350808,33.4,0.0,187323.79
2022-02-24,2022-02-24,Business travel,REF53797464,61.38,0.0,187262.41
2022-02-25,2022-02-25,Marketing expenses,REF10363688,115.26,0.0,187147.15
2022-03-05,2022-03-05,Office supplies,REF75763502,54.93,0.0,187092.22
2022-03-05,2022-03-05,Internet and phone service,REF46358620,143.35,0.0,186948.87
2022-03-09,2022-03-09,Software subscription,REF27369160,202.63,0.0,186746.24
2022-03-11,2022-03-11,Office supplies,REF21767690,32.65,0.0,186713.59
2022-03-13,2022-03-13,Business travel,REF34997447,202.15,0.0,186511.44
2022-03-15,2022-03-15,"Payment from Mcclain, Miller and Henderson",REF17552880,0.0,1887.41,188398.85
2022-03-15,2022-03-15,Invoice payment - Doyle Ltd,REF78072224,0.0,1216.04,189614.89
2022-03-15,2022-03-15,Equipment purchase,REF58958658,94.57,0.0,189520.32
2022-03-15,2022-03-15,Business insurance premium,REF14605914,138.65,0.0,189381.67
2022-03-17,2022-03-17,Internet and phone service,REF25083795,116.27,0.0,189265.4
2022-03-18,2022-03-18,Marketing expenses,REF21803189,204.0,0.0,189061.4
2022-03-21,2022-03-21,Equipment purchase,REF59096973,127.11,0.0,188934.29
2022-03-23,2022-03-23,Equipment purchase,REF97259678,96.86,0.0,188837.43
2022-03-25,2022-03-25,Office supplies,REF11852021,56.82,0.0,188780.61
2022-03-27,2022-03-27,Marketing expenses,REF66568619,289.85,0.0,188490.76
2022-03-28,2022-03-28,Training/conference,REF70766188,115.68,0.0,188375.08
2022-03-30,2022-03-30,Office supplies,REF10253154,42.92,0.0,188332.16
2022-04-01,2022-04-01,Equipment purchase,REF26430861,127.12,0.0,188205.04
2022-04-06,2022-04-06,Office supplies,REF98820167,47.35,0.0,188157.69
2022-04-09,2022-04-09,Software subscription,REF63639675,161.95,0.0,187995.74
2022-04-09,2022-04-09,Office supplies,REF56893011,62.16,0.0,187933.58
2022-04-12,2022-04-12,Office supplies,REF35782550,63.31,0.0,187870.27
2022-04-14,2022-04-14,Internet and phone service,REF14136925,95.72,0.0,187774.55
2022-04-15,2022-04-15,Marketing expenses,REF82721615,167.82,0.0,187606.73
2022-04-15,2022-04-15,Invoice payment - Doyle Ltd,REF84845857,0.0,1483.68,189090.41
2022-04-15,2022-04-15,"Service payment - Rodriguez, Figueroa and Sanchez",REF81993496,0.0,1625.01,190715.42
2022-04-15,2022-04-15,"Service payment - Mcclain, Miller and Henderson",REF43086583,0.0,1601.15,192316.57
2022-04-15,2022-04-15,Business insurance premium,REF68486545,115.18,0.0,192201.39
2022-04-20,2022-04-20,Office supplies,REF72532618,91.3,0.0,192110.09
2022-04-24,2022-04-24,Office supplies,REF53715416,51.66,0.0,192058.43
2022-04-26,2022-04-26,Office supplies,REF49075927,39.43,0.0,192019.0
2022-05-09,2022-05-09,Software subscription,REF68768471,172.54,0.0,191846.46
2022-05-15,2022-05-15,"Project payment - Rodriguez, Figueroa and Sanchez",REF79604066,0.0,1870.77,193717.23
2022-05-15,2022-05-15,"Payment from Mcclain, Miller and Henderson",REF36464337,0.0,2317.62,196034.85
2022-05-15,2022-05-15,Training/conference,REF52641159,104.67,0.0,195930.18
2022-05-15,2022-05-15,Business insurance premium,REF92249570,131.71,0.0,195798.47
2022-05-15,2022-05-15,Invoice payment - Doyle Ltd,REF23603514,0.0,1646.42,197444.89
2022-05-21,2022-05-21,Office supplies,REF34132686,66.78,0.0,197378.11
2022-05-23,2022-05-23,Equipment purchase,REF18668117,91.85,0.0,197286.26
2022-05-23,2022-05-23,Business travel,REF30255339,188.13,0.0,197098.13
2022-05-25,2022-05-25,Professional services,REF10453104,135.08,0.0,196963.05
2022-05-26,2022-05-26,Marketing expenses,REF95214547,257.82,0.0,196705.23
2022-05-27,2022-05-27,Office supplies,REF65061654,45.78,0.0,196659.45
2022-06-09,2022-06-09,Software subscription,REF11411897,124.32,0.0,196535.13
2022-06-10,2022-06-10,Marketing expenses,REF66988097,99.63,0.0,196435.5
2022-06-10,2022-06-10,Internet and phone service,REF52878249,70.96,0.0,196364.54
2022-06-11,2022-06-11,Office supplies,REF82215704,47.7,0.0,196316.84
2022-06-11,2022-06-11,Training/conference,REF53881399,124.88,0.0,196191.96
2022-06-14,2022-06-14,Office supplies,REF15392922,43.74,0.0,196148.22
2022-06-15,2022-06-15,Business insurance premium,REF61495722,105.39,0.0,196042.83
2022-06-15,2022-06-15,"Invoice payment - Mcclain, Miller and Henderson",REF95866578,0.0,1689.79,197732.62
2022-06-15,2022-06-15,Payment from Doyle Ltd,REF12299963,0.0,1309.46,199042.08
2022-06-15,2022-06-15,"Service payment - Rodriguez, Figueroa and Sanchez",REF43874541,0.0,1359.52,200401.6
2022-06-16,2022-06-16,Training/conference,REF51899553,96.14,0.0,200305.46
2022-06-18,2022-06-18,Office supplies,REF46229364,36.79,0.0,200268.67
2022-06-26,2022-06-26,Marketing expenses,REF92809772,224.38,0.0,200044.29
2022-06-27,2022-06-27,Training/conference,REF83418861,67.43,0.0,199976.86
2022-07-02,2022-07-02,Training/conference,REF52351954,99.85,0.0,199877.01
2022-07-03,2022-07-03,Office supplies,REF39994608,32.28,0.0,199844.73
2022-07-09,2022-07-09,Software subscription,REF14596997,114.29,0.0,199730.44
2022-07-15,2022-07-15,Payment from Doyle Ltd,REF60755465,0.0,1009.29,200739.73
2022-07-15,2022-07-15,"Invoice payment - Mcclain, Miller and Henderson",REF71707340,0.0,1365.0,202104.73
2022-07-15,2022-07-15,"Payment from Rodriguez, Figueroa and Sanchez",REF11778557,0.0,1414.47,203519.2
2022-07-15,2022-07-15,Business insurance premium,REF12465696,97.57,0.0,203421.63
2022-07-28,2022-07-28,Professional services,REF57629559,105.8,0.0,203315.83
2022-07-31,2022-07-31,Internet and phone service,REF85101627,67.57,0.0,203248.26
2022-07-31,2022-07-31,Office supplies,REF23918415,34.64,0.0,203213.62
2022-08-05,2022-08-05,Training/conference,REF58061714,60.4,0.0,203153.22
2022-08-06,2022-08-06,Equipment purchase,REF22292210,100.39,0.0,203052.83
2022-08-09,2022-08-09,Office supplies,REF75332782,17.99,0.0,203034.84
2022-08-09,2022-08-09,Software subscription,REF64489036,95.7,0.0,202939.14
2022-08-11,2022-08-11,Professional services,REF95389313,176.65,0.0,202762.49
2022-08-11,2022-08-11,Training/conference,REF11480996,40.03,0.0,202722.46
2022-08-15,2022-08-15,Office supplies,REF75105407,31.34,0.0,202691.12
2022-08-15,2022-08-15,Service payment - Doyle Ltd,REF62529724,0.0,928.79,203619.91
2022-08-15,2022-08-15,Business insurance premium,REF71474183,80.05,0.0,203539.86
2022-08-15,2022-08-15,"Project payment - Rodriguez, Figueroa and Sanchez",REF40973677,0.0,1152.84,204692.7
2022-08-15,2022-08-15,"Payment from Mcclain, Miller and Henderson",REF84287875,0.0,1160.08,205852.78
2022-08-19,2022-08-19,Professional services,REF99449956,133.76,0.0,205719.02
2022-08-20,2022-08-20,Office supplies,REF69455272,18.57,0.0,205700.45
2022-08-22,2022-08-22,Business travel,REF22538784,116.22,0.0,205584.23
2022-08-25,2022-08-25,Equipment purchase,REF46272787,59.08,0.0,205525.15
2022-08-25,2022-08-25,Internet and phone service,REF43405920,71.51,0.0,205453.64
2022-08-26,2022-08-26,Marketing expenses,REF73278678,157.42,0.0,205296.22
2022-08-30,2022-08-30,Business travel,REF96849436,121.13,0.0,205175.09
2022-09-08,2022-09-08,Equipment purchase,REF99652424,145.24,0.0,205029.85
2022-09-08,2022-09-08,Office supplies,REF85755625,38.87,0.0,204990.98
2022-09-09,2022-09-09,Software subscription,REF23586350,174.16,0.0,204816.82
2022-09-15,2022-09-15,Business insurance premium,REF22638969,131.29,0.0,204685.53
2022-09-15,2022-09-15,"Service payment - Rodriguez, Figueroa and Sanchez",REF28420883,0.0,2395.77,207081.3
2022-09-15,2022-09-15,Service payment - Doyle Ltd,REF83200850,0.0,1493.87,208575.17
2022-09-15,2022-09-15,"Project payment - Mcclain, Miller and Henderson",REF26672211,0.0,2134.27,210709.44
2022-09-23,2022-09-23,Training/conference,REF45422850,97.49,0.0,210611.95
2022-09-27,2022-09-27,Office supplies,REF80450711,45.19,0.0,210566.76
2022-09-28,2022-09-28,Equipment purchase,REF69350179,105.63,0.0,210461.13
2022-10-09,2022-10-09,Software subscription,REF18686205,188.36,0.0,210272.77
2022-10-10,2022-10-10,Professional services,REF60455217,282.61,0.0,209990.16
2022-10-10,2022-10-10,Office supplies,REF51272985,75.93,0.0,209914.23
2022-10-15,2022-10-15,"Payment from Mcclain, Miller and Henderson",REF57428168,0.0,1789.62,211703.85
2022-10-15,2022-10-15,Business insurance premium,REF26997291,143.62,0.0,211560.23
2022-10-15,2022-10-15,"Project payment - Rodriguez, Figueroa and Sanchez",REF36789438,0.0,2480.64,214040.87
2022-10-15,2022-10-15,Invoice payment - Doyle Ltd,REF55725772,0.0,1743.88,215784.75
2022-10-20,2022-10-20,Equipment purchase,REF72809765,169.16,0.0,215615.59
2022-10-27,2022-10-27,Business travel,REF40554475,5.0,0.0,215610.59
2022-10-27,2022-10-27,Equipment purchase,REF51669777,112.46,0.0,215498.13
2022-10-29,2022-10-29,Business travel,REF13258848,258.12,0.0,215240.01
2022-11-05,2022-11-05,Business travel,REF90362740,211.48,0.0,215028.53
2022-11-09,2022-11-09,Software subscription,REF57579339,163.64,0.0,214864.89
2022-11-15,2022-11-15,Training/conference,REF85425077,134.79,0.0,214730.1
2022-11-15,2022-11-15,"Payment from Rodriguez, Figueroa and Sanchez",REF82702952,0.0,2010.88,216740.98
2022-11-15,2022-11-15,"Payment from Mcclain, Miller and Henderson",REF72045437,0.0,1771.34,218512.32
2022-11-15,2022-11-15,Service payment - Doyle Ltd,REF93306609,0.0,1610.61,220122.93
2022-11-15,2022-11-15,Business insurance premium,REF41463675,135.03,0.0,219987.9
2022-11-20,2022-11-20,Marketing expenses,REF86328305,207.6,0.0,219780.3
2022-11-21,2022-11-21,Marketing expenses,REF11638533,198.62,0.0,219581.68
2022-11-22,2022-11-22,Equipment purchase,REF83498555,84.52,0.0,219497.16
2022-11-22,2022-11-22,Business travel,REF29982815,177.8,0.0,219319.36
2022-11-25,2022-11-25,Professional services,REF89987903,275.53,0.0,219043.83
2022-12-04,2022-12-04,Training/conference,REF14260012,56.29,0.0,218987.54
2022-12-09,2022-12-09,Software subscription,REF76229911,137.79,0.0,218849.75
2022-12-11,2022-12-11,Equipment purchase,REF58451803,118.57,0.0,218731.18
2022-12-13,2022-12-13,Business travel,REF13230794,127.35,0.0,218603.83
2022-12-15,2022-12-15,Marketing expenses,REF68491780,223.05,0.0,218380.78
2022-12-15,2022-12-15,Business insurance premium,REF64821121,106.61,0.0,218274.17
2022-12-15,2022-12-15,Invoice payment - Doyle Ltd,REF22811657,0.0,1158.71,219432.88
2022-12-15,2022-12-15,"Payment from Rodriguez, Figueroa and Sanchez",REF82473928,0.0,1224.77,220657.65
2022-12-15,2022-12-15,"Invoice payment - Mcclain, Miller and Henderson",REF40461032,0.0,1657.0,222314.65
2022-12-17,2022-12-17,Training/conference,REF36193423,86.02,0.0,222228.63
2022-12-19,2022-12-19,Professional services,REF88824996,233.56,0.0,221995.07
2023-01-01,2023-01-01,Training/conference,REF19241327,95.67,0.0,221899.4
2023-01-04,2023-01-04,Office supplies,REF30652165,45.78,0.0,221853.62
2023-01-05,2023-01-05,Business travel,REF46908918,152.18,0.0,221701.44
2023-01-05,2023-01-05,Internet and phone service,REF97027810,56.57,0.0,221644.87
2023-01-08,2023-01-08,Marketing expenses,REF69254239,211.47,0.0,221433.4
2023-01-09,2023-01-09,Software subscription,REF56018987,121.13,0.0,221312.27
2023-01-09,2023-01-09,Equipment purchase,REF29416321,105.54,0.0,221206.73
2023-01-10,2023-01-10,Office supplies,REF24708157,37.97,0.0,221168.76
2023-01-12,2023-01-12,Training/conference,REF27725171,71.43,0.0,221097.33
2023-01-12,2023-01-12,Office supplies,REF31916385,65.34,0.0,221031.99
2023-01-15,2023-01-15,"Project payment - Mcclain, Miller and Henderson",REF41934644,0.0,1212.51,222244.5
2023-01-15,2023-01-15,"Payment from Rodriguez, Figueroa and Sanchez",REF37152341,0.0,1448.72,223693.22
2023-01-15,2023-01-15,Business insurance premium,REF90264132,96.74,0.0,223596.48
2023-01-15,2023-01-15,Service payment - Doyle Ltd,REF62044075,0.0,1052.31,224648.79
2023-01-19,2023-01-19,Training/conference,REF21814513,89.5,0.0,224559.29
2023-01-20,2023-01-20,Professional services,REF78167810,230.18,0.0,224329.11
2023-01-24,2023-01-24,Office supplies,REF60107599,24.24,0.0,224304.87
2023-01-28,2023-01-28,Business travel,REF94431299,88.39,0.0,224216.48
2023-01-31,2023-01-31,Training/conference,REF72825352,57.09,0.0,224159.39
2023-02-08,2023-02-08,Office supplies,REF88337762,41.29,0.0,224118.1
2023-02-09,2023-02-09,Software subscription,REF65053328,150.87,0.0,223967.23
2023-02-10,2023-02-10,Professional services,REF95742723,283.71,0.0,223683.52
2023-02-14,2023-02-14,Business travel,REF94138867,176.69,0.0,223506.83
2023-02-15,2023-02-15,Business insurance premium,REF70204395,106.34,0.0,223400.49
2023-02-15,2023-02-15,"Service payment - Mcclain, Miller and Henderson",REF66463407,0.0,1642.13,225042.62
2023-02-15,2023-02-15,"Project payment - Rodriguez, Figueroa and Sanchez",REF43099063,0.0,1606.96,226649.58
2023-02-15,2023-02-15,Project payment - Doyle Ltd,REF28933188,0.0,1120.0,227769.58
2023-02-16,2023-02-16,Training/conference,REF32397452,136.68,0.0,227632.9
2023-02-18,2023-02-18,Office supplies,REF33371811,66.22,0.0,227566.68
2023-02-21,2023-02-21,Business travel,REF57942118,103.76,0.0,227462.92
2023-02-28,2023-02-28,Internet and phone service,REF33762285,42.62,0.0,227420.3
2023-03-02,2023-03-02,Office supplies,REF70007738,50.49,0.0,227369.81
2023-03-02,2023-03-02,Training/conference,REF22023246,161.18,0.0,227208.63
2023-03-05,2023-03-05,Equipment purchase,REF69514485,118.59,0.0,227090.04
2023-03-05,2023-03-05,Office supplies,REF62778601,38.75,0.0,227051.29
2023-03-07,2023-03-07,Professional services,REF82480750,358.36,0.0,226692.93
2023-03-09,2023-03-09,Software subscription,REF30015915,170.62,0.0,226522.31
2023-03-14,2023-03-14,Training/conference,REF54748158,142.18,0.0,226380.13
2023-03-15,2023-03-15,"Project payment - Rodriguez, Figueroa and Sanchez",REF63977520,0.0,1847.53,228227.66
2023-03-15,2023-03-15,Business insurance premium,REF24820612,118.8,0.0,228108.86
2023-03-15,2023-03-15,Invoice payment - Doyle Ltd,REF95869111,0.0,1784.7,229893.56
2023-03-15,2023-03-15,"Service payment - Mcclain, Miller and Henderson",REF45412393,0.0,1223.45,231117.01
2023-03-25,2023-03-25,Business travel,REF65836331,155.55,0.0,230961.46
2023-03-31,2023-03-31,Office supplies,REF50997691,73.84,0.0,230887.62
2023-03-31,2023-03-31,Internet and phone service,REF46389818,68.45,0.0,230819.17
2023-04-02,2023-04-02,Office supplies,REF35175075,38.39,0.0,230780.78
2023-04-02,2023-04-02,Professional services,REF16093294,219.1,0.0,230561.68
2023-04-02,2023-04-02,Business travel,REF99153640,336.66,0.0,230225.02
2023-04-04,2023-04-04,Office supplies,REF67783617,37.65,0.0,230187.37
2023-04-05,2023-04-05,Professional services,REF10970638,364.02,0.0,229823.35
2023-04-09,2023-04-09,Office supplies,REF14153568,39.33,0.0,229784.02
2023-04-09,2023-04-09,Software subscription,REF12839587,120.41,0.0,229663.61
2023-04-12,2023-04-12,Professional services,REF11259551,141.36,0.0,229522.25
2023-04-14,2023-04-14,Business travel,REF91509128,118.53,0.0,229403.72
2023-04-15,2023-04-15,"Invoice payment - Rodriguez, Figueroa and Sanchez",REF11036858,0.0,1835.55,231239.27
2023-04-15,2023-04-15,Payment from Doyle Ltd,REF28425771,0.0,1173.29,232412.56
2023-04-15,2023-04-15,Business insurance premium,REF33999239,108.18,0.0,232304.38
2023-04-20,2023-04-20,Business travel,REF70248573,161.21,0.0,232143.17
2023-04-24,2023-04-24,Business travel,REF58724401,65.69,0.0,232077.48
2023-04-25,2023-04-25,Marketing expenses,REF76564913,257.24,0.0,231820.24
2023-04-26,2023-04-26,Office supplies,REF52252836,47.15,0.0,231773.09
2023-05-01,2023-05-01,Equipment purchase,REF62212564,151.27,0.0,231621.82
2023-05-01,2023-05-01,Office supplies,REF85677545,47.0,0.0,231574.82
2023-05-03,2023-05-03,Training/conference,REF63031102,128.58,0.0,231446.24
2023-05-09,2023-05-09,Marketing expenses,REF69200935,297.64,0.0,231148.6
2023-05-09,2023-05-09,Software subscription,REF43331204,142.07,0.0,231006.53
2023-05-14,2023-05-14,Equipment purchase,REF82741174,19.27,0.0,230987.26
2023-05-15,2023-05-15,"Payment from Rodriguez, Figueroa and Sanchez",REF60348231,0.0,1875.57,232862.83
2023-05-15,2023-05-15,Business insurance premium,REF75365995,117.18,0.0,232745.65
2023-05-15,2023-05-15,"Project payment - Mcclain, Miller and Henderson",REF12090946,0.0,1666.83,234412.48
2023-05-15,2023-05-15,Project payment - Doyle Ltd,REF25059587,0.0,1565.08,235977.56
2023-05-18,2023-05-18,Internet and phone service,REF68190096,107.18,0.0,235870.38
2023-05-18,2023-05-18,Equipment purchase,REF51300602,94.5,0.0,235775.88
2023-05-25,2023-05-25,Business travel,REF51772303,89.87,0.0,235686.01
2023-05-25,2023-05-25,Training/conference,REF63212066,67.19,0.0,235618.82
2023-05-28,2023-05-28,Office supplies,REF31957674,74.39,0.0,235544.43
2023-05-29,2023-05-29,Training/conference,REF22369111,106.39,0.0,235438.04
2023-06-02,2023-06-02,Business travel,REF24508003,143.56,0.0,235294.48
2023-06-07,2023-06-07,Marketing expenses,REF16446180,242.46,0.0,235052.02
2023-06-09,2023-06-09,Software subscription,REF16695051,146.53,0.0,234905.49
2023-06-15,2023-06-15,Business insurance premium,REF41505825,109.82,0.0,234795.67
2023-06-15,2023-06-15,"Payment from Rodriguez, Figueroa and Sanchez",REF30978940,0.0,1497.32,236292.99
2023-06-15,2023-06-15,"Payment from Mcclain, Miller and Henderson",REF92732335,0.0,1546.59,237839.58
2023-06-15,2023-06-15,Project payment - Doyle Ltd,REF14792529,0.0,1237.23,239076.81
2023-06-23,2023-06-23,Equipment purchase,REF59273454,94.55,0.0,238982.26
2023-06-25,2023-06-25,Internet and phone service,REF41758789,70.45,0.0,238911.81
2023-06-27,2023-06-27,Office supplies,REF72295940,69.92,0.0,238841.89
2023-07-02,2023-07-02,Office supplies,REF93349423,42.73,0.0,238799.16
2023-07-03,2023-07-03,Office supplies,REF60219050,53.53,0.0,238745.63
2023-07-04,2023-07-04,Office supplies,REF47445247,20.5,0.0,238725.13
2023-07-07,2023-07-07,Equipment purchase,REF75282898,86.26,0.0,238638.87
2023-07-09,2023-07-09,Software subscription,REF70000778,129.99,0.0,238508.88
2023-07-10,2023-07-10,Office supplies,REF50383184,35.38,0.0,238473.5
2023-07-15,2023-07-15,Business insurance premium,REF29298336,92.95,0.0,238380.55
2023-07-15,2023-07-15,"Project payment - Rodriguez, Figueroa and Sanchez",REF42892582,0.0,1387.56,239768.11
2023-07-15,2023-07-15,Payment from Doyle Ltd,REF81214797,0.0,1420.79,241188.9
2023-07-15,2023-07-15,"Invoice payment - Mcclain, Miller and Henderson",REF30479820,0.0,1577.51,242766.41
2023-07-16,2023-07-16,Business travel,REF45003993,126.72,0.0,242639.69
2023-07-22,2023-07-22,Office supplies,REF66964088,53.35,0.0,242586.34
2023-07-23,2023-07-23,Office supplies,REF28478028,52.03,0.0,242534.31
2023-07-24,2023-07-24,Business travel,REF51227703,154.04,0.0,242380.27
2023-07-28,2023-07-28,Marketing expenses,REF14417858,112.74,0.0,242267.53
2023-07-31,2023-07-31,Equipment purchase,REF23912736,69.61,0.0,242197.92
2023-07-31,2023-07-31,Training/conference,REF44870642,46.5,0.0,242151.42
2023-08-02,2023-08-02,Office supplies,REF88693556,58.71,0.0,242092.71
2023-08-03,2023-08-03,Business travel,REF20443928,75.66,0.0,242017.05
2023-08-04,2023-08-04,Professional services,REF37527091,274.6,0.0,241742.45
2023-08-06,2023-08-06,Internet and phone service,REF96695192,44.25,0.0,241698.2
2023-08-09,2023-08-09,Professional services,REF22600357,151.6,0.0,241546.6
2023-08-09,2023-08-09,Software subscription,REF55438479,104.27,0.0,241442.33
2023-08-13,2023-08-13,Business travel,REF69060603,124.32,0.0,241318.01
2023-08-15,2023-08-15,"Payment from Mcclain, Miller and Henderson",REF24517985,0.0,1267.01,242585.02
2023-08-15,2023-08-15,"Project payment - Rodriguez, Figueroa and Sanchez",REF81521331,0.0,1140.24,243725.26
2023-08-15,2023-08-15,Invoice payment - Doyle Ltd,REF91542677,0.0,1109.1,244834.36
2023-08-15,2023-08-15,Business insurance premium,REF41321330,89.42,0.0,244744.94
2023-08-16,2023-08-16,Office supplies,REF89180651,26.68,0.0,244718.26
2023-08-20,2023-08-20,Training/conference,REF99098151,66.27,0.0,244651.99
2023-08-20,2023-08-20,Office supplies,REF29991458,34.01,0.0,244617.98
2023-09-03,2023-09-03,Internet and phone service,REF29888868,68.77,0.0,244549.21
2023-09-04,2023-09-04,Equipment purchase,REF80471598,81.34,0.0,244467.87
2023-09-06,2023-09-06,Office supplies,REF31219680,80.24,0.0,244387.63
2023-09-07,2023-09-07,Marketing expenses,REF35886625,203.52,0.0,244184.11
2023-09-09,2023-09-09,Software subscription,REF68093066,179.18,0.0,244004.93
2023-09-09,2023-09-09,Business travel,REF84628055,151.21,0.0,243853.72
2023-09-11,2023-09-11,Office supplies,REF86152328,56.41,0.0,243797.31
2023-09-11,2023-09-11,Equipment purchase,REF76880252,102.83,0.0,243694.48
2023-09-15,2023-09-15,"Payment from Rodriguez, Figueroa and Sanchez",REF94866629,0.0,2542.96,246237.44
2023-09-15,2023-09-15,"Invoice payment - Mcclain, Miller and Henderson",REF41844075,0.0,2150.8,248388.24
2023-09-15,2023-09-15,Service payment - Doyle Ltd,REF50139254,0.0,1586.51,249974.75
2023-09-15,2023-09-15,Marketing expenses,REF47641472,329.03,0.0,249645.72
2023-09-15,2023-09-15,Business insurance premium,REF17634322,126.61,0.0,249519.11
2023-09-17,2023-09-17,Training/conference,REF79354175,78.38,0.0,249440.73
2023-09-20,2023-09-20,Marketing expenses,REF75869191,265.8,0.0,249174.93
2023-09-20,2023-09-20,Professional services,REF63669020,353.3,0.0,248821.63
2023-09-21,2023-09-21,Training/conference,REF17622663,148.83,0.0,248672.8
2023-09-24,2023-09-24,Professional services,REF85697703,197.59,0.0,248475.21
2023-09-25,2023-09-25,Equipment purchase,REF19505333,97.29,0.0,248377.92
2023-10-06,2023-10-06,Equipment purchase,REF54184536,170.44,0.0,248207.48
2023-10-09,2023-10-09,Software subscription,REF49832789,214.34,0.0,247993.14
2023-10-11,2023-10-11,Marketing expenses,REF16597786,286.57,0.0,247706.57
2023-10-12,2023-10-12,Office supplies,REF46725157,98.48,0.0,247608.09
2023-10-15,2023-10-15,Business insurance premium,REF73320630,145.51,0.0,247462.58
2023-10-15,2023-10-15,"Invoice payment - Mcclain, Miller and Henderson",REF28407044,0.0,1885.42,249348.0
2023-10-15,2023-10-15,"Invoice payment - Rodriguez, Figueroa and Sanchez",REF80590656,0.0,2141.63,251489.63
2023-10-15,2023-10-15,Service payment - Doyle Ltd,REF69886920,0.0,1759.49,253249.12
2023-10-16,2023-10-16,Equipment purchase,REF56023366,87.31,0.0,253161.81
2023-10-16,2023-10-16,Marketing expenses,REF57572032,223.19,0.0,252938.62
2023-10-17,2023-10-17,Equipment purchase,REF11510933,59.69,0.0,252878.93
2023-10-22,2023-10-22,Business travel,REF30764428,149.56,0.0,252729.37
2023-10-23,2023-10-23,Marketing expenses,REF43231203,296.13,0.0,252433.24
2023-10-23,2023-10-23,Professional services,REF46445248,310.49,0.0,252122.75
2023-10-27,2023-10-27,Marketing expenses,REF34335881,230.05,0.0,251892.7
2023-11-02,2023-11-02,Business travel,REF70675970,167.94,0.0,251724.76
2023-11-04,2023-11-04,Internet and phone service,REF43098268,98.62,0.0,251626.14
2023-11-07,2023-11-07,Training/conference,REF70606129,134.18,0.0,251491.96
2023-11-09,2023-11-09,Office supplies,REF98372226,67.88,0.0,251424.08
2023-11-09,2023-11-09,Software subscription,REF64628768,139.73,0.0,251284.35
2023-11-15,2023-11-15,Service payment - Doyle Ltd,REF50253532,0.0,1790.57,253074.92
2023-11-15,2023-11-15,"Invoice payment - Mcclain, Miller and Henderson",REF97253352,0.0,2081.13,255156.05
2023-11-15,2023-11-15,"Payment from Rodriguez, Figueroa and Sanchez",REF44544066,0.0,2097.34,257253.39
2023-11-15,2023-11-15,Business insurance premium,REF99496875,136.75,0.0,257116.64
2023-11-16,2023-11-16,Office supplies,REF63773918,58.09,0.0,257058.55
2023-11-21,2023-11-21,Office supplies,REF22184097,78.78,0.0,256979.77
2023-11-26,2023-11-26,Marketing expenses,REF91433336,263.83,0.0,256715.94
2023-11-27,2023-11-27,Office supplies,REF27570883,46.33,0.0,256669.61
2023-12-04,2023-12-04,Office supplies,REF96257131,40.34,0.0,256629.27
2023-12-09,2023-12-09,Software subscription,REF66360970,126.44,0.0,256502.83
2023-12-10,2023-12-10,Professional services,REF23651329,166.36,0.0,256336.47
2023-12-13,2023-12-13,Office supplies,REF69796840,28.04,0.0,256308.43
2023-12-14,2023-12-14,Business travel,REF42409102,158.48,0.0,256149.95
2023-12-15,2023-12-15,"Project payment - Rodriguez, Figueroa and Sanchez",REF86634239,0.0,1301.38,257451.33
2023-12-15,2023-12-15,Business insurance premium,REF33398744,101.55,0.0,257349.78
2023-12-15,2023-12-15,Project payment - Doyle Ltd,REF58288953,0.0,1140.15,258489.93
2023-12-20,2023-12-20,Business travel,REF99651376,104.17,0.0,258385.76
2023-12-24,2023-12-24,Office supplies,REF67319754,28.64,0.0,258357.12
2023-12-25,2023-12-25,Business travel,REF63386269,145.44,0.0,258211.68
2023-12-28,2023-12-28,Training/conference,REF69204879,88.81,0.0,258122.87
2023-12-30,2023-12-30,Office supplies,REF80128202,78.93,0.0,258043.94
2023-12-31,2023-12-31,Office supplies,REF14384422,27.55,0.0,258016.39
2024-01-06,2024-01-06,Training/conference,REF21293033,70.07,0.0,257946.32
2024-01-09,2024-01-09,Software subscription,REF36233862,121.25,0.0,257825.07
2024-01-09,2024-01-09,Internet and phone service,REF41619144,51.47,0.0,257773.6
2024-01-13,2024-01-13,Equipment purchase,REF94132898,84.68,0.0,257688.92
2024-01-15,2024-01-15,Business insurance premium,REF26992566,104.9,0.0,257584.02
2024-01-15,2024-01-15,Invoice payment - Doyle Ltd,REF71425204,0.0,1335.38,258919.4
2024-01-15,2024-01-15,"Project payment - Rodriguez, Figueroa and Sanchez",REF57255933,0.0,1537.68,260457.08
2024-01-15,2024-01-15,"Payment from Mcclain, Miller and Henderson",REF19943812,0.0,1406.25,261863.33
2024-01-19,2024-01-19,Business travel,REF12485981,67.85,0.0,261795.48
2024-01-21,2024-01-21,Office supplies,REF65028392,36.26,0.0,261759.22
2024-01-27,2024-01-27,Training/conference,REF97723667,114.34,0.0,261644.88
2024-01-27,2024-01-27,Office supplies,REF22953924,6.96,0.0,261637.92
2024-02-06,2024-02-06,Marketing expenses,REF51806666,242.96,0.0,261394.96
2024-02-09,2024-02-09,Software subscription,REF70072596,141.06,0.0,261253.9
2024-02-15,2024-02-15,Business insurance premium,REF74260796,105.15,0.0,261148.75
2024-02-15,2024-02-15,"Project payment - Mcclain, Miller and Henderson",REF46292997,0.0,1445.05,262593.8
2024-02-15,2024-02-15,"Payment from Rodriguez, Figueroa and Sanchez",REF32238807,0.0,1567.03,264160.83
2024-02-15,2024-02-15,Invoice payment - Doyle Ltd,REF53001143,0.0,1189.72,265350.55
2024-02-16,2024-02-16,Business travel,REF89203230,96.97,0.0,265253.58
2024-02-17,2024-02-17,Marketing expenses,REF96765708,216.71,0.0,265036.87
2024-02-21,2024-02-21,Training/conference,REF49829556,101.09,0.0,264935.78
2024-03-01,2024-03-01,Professional services,REF37751194,369.56,0.0,264566.22
2024-03-01,2024-03-01,Office supplies,REF15192572,44.24,0.0,264521.98
2024-03-06,2024-03-06,Professional services,REF72993372,208.62,0.0,264313.36
2024-03-09,2024-03-09,Software subscription,REF26433221,138.4,0.0,264174.96
2024-03-12,2024-03-12,Business travel,REF22469517,147.87,0.0,264027.09
2024-03-15,2024-03-15,"Payment from Rodriguez, Figueroa and Sanchez",REF67966740,0.0,2149.73,266176.82
2024-03-15,2024-03-15,"Invoice payment - Mcclain, Miller and Henderson",REF21849438,0.0,1914.12,268090.94
2024-03-15,2024-03-15,Business insurance premium,REF40774927,141.52,0.0,267949.42
2024-03-15,2024-03-15,Service payment - Doyle Ltd,REF67857914,0.0,1283.18,269232.6
2024-03-16,2024-03-16,Office supplies,REF68796663,39.27,0.0,269193.33
2024-03-20,2024-03-20,Business travel,REF22445425,123.22,0.0,269070.11
2024-03-25,2024-03-25,Business travel,REF64736858,176.57,0.0,268893.54
2024-03-31,2024-03-31,Business travel,REF19543093,124.02,0.0,268769.52
2024-04-03,2024-04-03,Business travel,REF80000802,177.5,0.0,268592.02
2024-04-05,2024-04-05,Office supplies,REF32302772,71.51,0.0,268520.51
2024-04-08,2024-04-08,Training/conference,REF94196685,157.11,0.0,268363.4
2024-04-08,2024-04-08,Office supplies,REF73576434,63.81,0.0,268299.59
2024-04-09,2024-04-09,Software subscription,REF64100246,142.99,0.0,268156.6
2024-04-09,2024-04-09,Business travel,REF53918247,197.35,0.0,267959.25
2024-04-14,2024-04-14,Office supplies,REF76614447,59.93,0.0,267899.32
2024-04-15,2024-04-15,Project payment - Doyle Ltd,REF16604316,0.0,1724.12,269623.44
2024-04-15,2024-04-15,"Service payment - Mcclain, Miller and Henderson",REF14227987,0.0,1978.48,271601.92
2024-04-15,2024-04-15,Business insurance premium,REF20738550,120.28,0.0,271481.64
2024-04-23,2024-04-23,Professional services,REF26355103,201.88,0.0,271279.76
2024-04-24,2024-04-24,Training/conference,REF91970129,138.98,0.0,271140.78
2024-04-27,2024-04-27,Equipment purchase,REF31402680,142.33,0.0,270998.45
2024-04-29,2024-04-29,Training/conference,REF89254626,125.84,0.0,270872.61
2024-04-30,2024-04-30,Marketing expenses,REF14518873,118.9,0.0,270753.71
2024-05-03,2024-05-03,Business travel,REF46276353,159.13,0.0,270594.58
2024-05-03,2024-05-03,Office supplies,REF93944134,50.11,0.0,270544.47
2024-05-04,2024-05-04,Internet and phone service,REF89445588,117.49,0.0,270426.98
2024-05-08,2024-05-08,Office supplies,REF24244042,47.64,0.0,270379.34
2024-05-09,2024-05-09,Software subscription,REF68587806,154.08,0.0,270225.26
2024-05-15,2024-05-15,Project payment - Doyle Ltd,REF14656978,0.0,1228.6,271453.86
2024-05-15,2024-05-15,"Invoice payment - Rodriguez, Figueroa and Sanchez",REF86028606,0.0,1632.35,273086.21
2024-05-15,2024-05-15,"Project payment - Mcclain, Miller and Henderson",REF96335560,0.0,1792.64,274878.85
2024-05-15,2024-05-15,Business insurance premium,REF28069811,119.66,0.0,274759.19
2024-05-16,2024-05-16,Professional services,REF83974865,257.85,0.0,274501.34
2024-05-16,2024-05-16,Training/conference,REF30463820,113.37,0.0,274387.97
2024-05-17,2024-05-17,Training/conference,REF36044448,71.79,0.0,274316.18
2024-05-26,2024-05-26,Equipment purchase,REF52898394,62.37,0.0,274253.81
2024-05-27,2024-05-27,Marketing expenses,REF27559938,171.62,0.0,274082.19
2024-05-31,2024-05-31,Office supplies,REF96453897,45.76,0.0,274036.43
2024-06-01,2024-06-01,Office supplies,REF94724232,79.36,0.0,273957.07
2024-06-03,2024-06-03,Marketing expenses,REF41988121,155.78,0.0,273801.29
2024-06-09,2024-06-09,Software subscription,REF78247670,147.13,0.0,273654.16
2024-06-09,2024-06-09,Office supplies,REF38746030,55.65,0.0,273598.51
2024-06-09,2024-06-09,Equipment purchase,REF77882563,96.42,0.0,273502.09
2024-06-10,2024-06-10,Marketing expenses,REF97318821,227.27,0.0,273274.82
2024-06-12,2024-06-12,Equipment purchase,REF27416206,71.61,0.0,273203.21
2024-06-15,2024-06-15,Invoice payment - Doyle Ltd,REF10960981,0.0,1333.2,274536.41
2024-06-15,2024-06-15,"Invoice payment - Rodriguez, Figueroa and Sanchez",REF29152301,0.0,1486.59,276023.0
2024-06-15,2024-06-15,Business insurance premium,REF43328376,109.91,0.0,275913.09
2024-06-15,2024-06-15,"Invoice payment - Mcclain, Miller and Henderson",REF60637808,0.0,1463.64,277376.73
2024-06-24,2024-06-24,Training/conference,REF91020124,117.96,0.0,277258.77
2024-06-27,2024-06-27,Marketing expenses,REF68044915,109.14,0.0,277149.63
2024-06-29,2024-06-29,Marketing expenses,REF15058525,235.76,0.0,276913.87
2024-06-30,2024-06-30,Marketing expenses,REF40309962,205.64,0.0,276708.23
2024-07-01,2024-07-01,Equipment purchase,REF45258274,71.33,0.0,276636.9
2024-07-02,2024-07-02,Office supplies,REF44045017,42.57,0.0,276594.33
2024-07-03,2024-07-03,Office supplies,REF66774780,46.56,0.0,276547.77
2024-07-04,2024-07-04,Office supplies,REF96494869,19.9,0.0,276527.87
2024-07-08,2024-07-08,Office supplies,REF25317703,9.81,0.0,276518.06
2024-07-09,2024-07-09,Software subscription,REF56565403,131.06,0.0,276387.0
2024-07-09,2024-07-09,Professional services,REF66747080,264.15,0.0,276122.85
2024-07-15,2024-07-15,Business travel,REF75824284,139.67,0.0,275983.18
2024-07-15,2024-07-15,"Invoice payment - Mcclain, Miller and Henderson",REF57393846,0.0,1447.77,277430.95
2024-07-15,2024-07-15,Project payment - Doyle Ltd,REF52082827,0.0,1152.65,278583.6
2024-07-15,2024-07-15,Business insurance premium,REF16751111,89.82,0.0,278493.78
2024-07-15,2024-07-15,"Project payment - Rodriguez, Figueroa and Sanchez",REF17265487,0.0,1192.71,279686.49
2024-07-17,2024-07-17,Office supplies,REF86704067,26.78,0.0,279659.71
2024-07-22,2024-07-22,Internet and phone service,REF57484815,70.59,0.0,279589.12
2024-07-26,2024-07-26,Business travel,REF35523502,188.56,0.0,279400.56
2024-07-31,2024-07-31,Office supplies,REF69935910,42.58,0.0,279357.98
2024-08-03,2024-08-03,Office supplies,REF90704474,20.05,0.0,279337.93
2024-08-09,2024-08-09,Software subscription,REF76732640,90.99,0.0,279246.94
2024-08-15,2024-08-15,Business insurance premium,REF99878656,78.59,0.0,279168.35
2024-08-15,2024-08-15,Office supplies,REF60829965,45.05,0.0,279123.3
2024-08-15,2024-08-15,Payment from Doyle Ltd,REF70733646,0.0,789.36,279912.66
2024-08-15,2024-08-15,"Service payment - Rodriguez, Figueroa and Sanchez",REF24264679,0.0,1308.43,281221.09
2024-08-15,2024-08-15,"Project payment - Mcclain, Miller and Henderson",REF26335002,0.0,1513.5,282734.59
2024-08-19,2024-08-19,Office supplies,REF65722666,21.81,0.0,282712.78
2024-08-20,2024-08-20,Marketing expenses,REF85258619,124.92,0.0,282587.86
2024-08-21,2024-08-21,Office supplies,REF48760284,45.4,0.0,282542.46
2024-08-23,2024-08-23,Training/conference,REF12460245,61.58,0.0,282480.88
2024-08-28,2024-08-28,Marketing expenses,REF23311983,98.76,0.0,282382.12
2024-08-28,2024-08-28,Internet and phone service,REF77134821,78.07,0.0,282304.05
2024-08-28,2024-08-28,Training/conference,REF24590650,27.5,0.0,282276.55
2024-08-29,2024-08-29,Equipment purchase,REF61325584,55.48,0.0,282221.07
2024-09-05,2024-09-05,Training/conference,REF56417570,157.06,0.0,282064.01
2024-09-07,2024-09-07,Internet and phone service,REF25805633,46.46,0.0,282017.55
2024-09-09,2024-09-09,Software subscription,REF14382405,159.21,0.0,281858.34
2024-09-10,2024-09-10,Office supplies,REF99521066,49.2,0.0,281809.14
2024-09-15,2024-09-15,Business insurance premium,REF17484027,138.63,0.0,281670.51
2024-09-15,2024-09-15,"Invoice payment - Rodriguez, Figueroa and Sanchez",REF63440474,0.0,1516.04,283186.55
2024-09-15,2024-09-15,"Project payment - Mcclain, Miller and Henderson",REF51121361,0.0,2338.26,285524.81
2024-09-15,2024-09-15,Invoice payment - Doyle Ltd,REF85043864,0.0,1490.0,287014.81
2024-09-16,2024-09-16,Office supplies,REF23161595,56.73,0.0,286958.08
2024-09-22,2024-09-22,Office supplies,REF34059987,38.09,0.0,286919.99
2024-09-25,2024-09-25,Office supplies,REF21789040,42.35,0.0,286877.64
2024-09-25,2024-09-25,Training/conference,REF38322172,89.11,0.0,286788.53
2024-09-27,2024-09-27,Internet and phone service,REF29525996,98.84,0.0,286689.69
2024-09-30,2024-09-30,Internet and phone service,REF19131669,56.66,0.0,286633.03
2024-10-05,2024-10-05,Equipment purchase,REF98973962,134.92,0.0,286498.11
2024-10-06,2024-10-06,Office supplies,REF65233982,77.63,0.0,286420.48
2024-10-09,2024-10-09,Software subscription,REF95366544,180.43,0.0,286240.05
2024-10-11,2024-10-11,Professional services,REF66001244,373.42,0.0,285866.63
2024-10-11,2024-10-11,Office supplies,REF33546255,78.65,0.0,285787.98
2024-10-13,2024-10-13,Professional services,REF50806314,348.19,0.0,285439.79
2024-10-13,2024-10-13,Internet and phone service,REF82107732,103.94,0.0,285335.85
2024-10-13,2024-10-13,Training/conference,REF90815529,145.57,0.0,285190.28
2024-10-13,2024-10-13,Office supplies,REF83847182,42.93,0.0,285147.35
2024-10-15,2024-10-15,Business insurance premium,REF37736986,132.08,0.0,285015.27
2024-10-15,2024-10-15,"Payment from Mcclain, Miller and Henderson",REF50244661,0.0,1762.77,286778.04
2024-10-15,2024-10-15,"Service payment - Rodriguez, Figueroa and Sanchez",REF44087667,0.0,2674.26,289452.3
2024-10-15,2024-10-15,Invoice payment - Doyle Ltd,REF18527870,0.0,2038.96,291491.26
2024-10-16,2024-10-16,Professional services,REF61297856,214.54,0.0,291276.72
2024-10-22,2024-10-22,Office supplies,REF78774086,63.89,0.0,291212.83
2024-10-25,2024-10-25,Office supplies,REF21306424,13.51,0.0,291199.32
2024-10-28,2024-10-28,Office supplies,REF82806450,91.9,0.0,291107.42
2024-11-09,2024-11-09,Software subscription,REF96663306,149.16,0.0,290958.26
2024-11-13,2024-11-13,Office supplies,REF23792731,56.11,0.0,290902.15
2024-11-15,2024-11-15,"Service payment - Mcclain, Miller and Henderson",REF98011710,0.0,2549.64,293451.79
2024-11-15,2024-11-15,"Project payment - Rodriguez, Figueroa and Sanchez",REF32766004,0.0,1724.48,295176.27
2024-11-15,2024-11-15,Business insurance premium,REF77548033,124.96,0.0,295051.31
2024-11-15,2024-11-15,Payment from Doyle Ltd,REF71605556,0.0,1905.24,296956.55
2024-11-17,2024-11-17,Office supplies,REF82646867,34.75,0.0,296921.8
2024-11-19,2024-11-19,Marketing expenses,REF81221169,168.89,0.0,296752.91
2024-11-20,2024-11-20,Training/conference,REF41921383,122.25,0.0,296630.66
2024-11-25,2024-11-25,Professional services,REF53856456,99.45,0.0,296531.21
2024-11-26,2024-11-26,Professional services,REF77263171,225.43,0.0,296305.78
2024-12-03,2024-12-03,Equipment purchase,REF82639986,93.09,0.0,296212.69
2024-12-04,2024-12-04,Office supplies,REF96823369,29.72,0.0,296182.97
2024-12-05,2024-12-05,Marketing expenses,REF27443612,178.22,0.0,296004.75
2024-12-09,2024-12-09,Software subscription,REF29457652,112.22,0.0,295892.53
2024-12-09,2024-12-09,Training/conference,REF10501195,83.49,0.0,295809.04
2024-12-10,2024-12-10,Office supplies,REF49569459,73.89,0.0,295735.15
2024-12-10,2024-12-10,Professional services,REF48637126,214.78,0.0,295520.37
2024-12-12,2024-12-12,Equipment purchase,REF90944112,130.14,0.0,295390.23
2024-12-14,2024-12-14,Office supplies,REF16304470,46.96,0.0,295343.27
2024-12-15,2024-12-15,"Service payment - Rodriguez, Figueroa and Sanchez",REF86053864,0.0,1632.0,296975.27
2024-12-15,2024-12-15,Payment from Doyle Ltd,REF96350949,0.0,1582.13,298557.4
2024-12-15,2024-12-15,"Service payment - Mcclain, Miller and Henderson",REF87452670,0.0,1513.05,300070.45
2024-12-15,2024-12-15,Business insurance premium,REF88100651,108.67,0.0,299961.78
2024-12-28,2024-12-28,Office supplies,REF43665990,48.0,0.0,299913.78
2024-12-30,2024-12-30,Office supplies,REF43021418,36.17,0.0,299877.61
2024-12-31,2024-12-31,Office supplies,REF38847495,50.78,0.0,299826.83
2025-01-02,2025-01-02,Office supplies,REF62711575,23.32,0.0,299803.51
2025-01-07,2025-01-07,Business travel,REF63336751,233.85,0.0,299569.66
2025-01-09,2025-01-09,Office supplies,REF57541540,48.96,0.0,299520.7
2025-01-09,2025-01-09,Software subscription,REF12091731,106.05,0.0,299414.65
2025-01-13,2025-01-13,Equipment purchase,REF64104341,86.26,0.0,299328.39
2025-01-15,2025-01-15,"Payment from Mcclain, Miller and Henderson",REF52504397,0.0,1350.0,300678.39
2025-01-15,2025-01-15,"Invoice payment - Rodriguez, Figueroa and Sanchez",REF93589193,0.0,1517.8,302196.19
2025-01-15,2025-01-15,Project payment - Doyle Ltd,REF82487848,0.0,1092.93,303289.12
2025-01-15,2025-01-15,Business insurance premium,REF13322412,84.51,0.0,303204.61
2025-01-18,2025-01-18,Business travel,REF70699916,138.67,0.0,303065.94
2025-01-22,2025-01-22,Internet and phone service,REF81853353,77.0,0.0,302988.94
2025-01-25,2025-01-25,Office supplies,REF40770805,48.54,0.0,302940.4
2025-01-28,2025-01-28,Internet and phone service,REF71214574,56.97,0.0,302883.43
2025-01-30,2025-01-30,Office supplies,REF99364592,38.35,0.0,302845.08
2025-02-01,2025-02-01,Business travel,REF84787909,252.71,0.0,302592.37
2025-02-09,2025-02-09,Software subscription,REF14143872,143.62,0.0,302448.75
2025-02-12,2025-02-12,Marketing expenses,REF47949480,199.09,0.0,302249.66
2025-02-14,2025-02-14,Office supplies,REF67304408,27.58,0.0,302222.08
2025-02-15,2025-02-15,"Invoice payment - Rodriguez, Figueroa and Sanchez",REF94360843,0.0,1630.88,303852.96
2025-02-15,2025-02-15,"Payment from Mcclain, Miller and Henderson",REF96177552,0.0,1734.33,305587.29
2025-02-15,2025-02-15,Business insurance premium,REF36621329,111.74,0.0,305475.55
2025-02-15,2025-02-15,Payment from Doyle Ltd,REF64768814,0.0,1142.27,306617.82
2025-02-19,2025-02-19,Office supplies,REF18671080,25.76,0.0,306592.06
2025-02-21,2025-02-21,Marketing expenses,REF69260029,319.49,0.0,306272.57
2025-02-23,2025-02-23,Training/conference,REF61785955,111.14,0.0,306161.43
2025-02-24,2025-02-24,Business travel,REF10137596,90.45,0.0,306070.98
2025-02-27,2025-02-27,Office supplies,REF36999315,26.31,0.0,306044.67
2025-02-28,2025-02-28,Office supplies,REF88674565,63.1,0.0,305981.57
2025-03-03,2025-03-03,Office supplies,REF51646425,63.78,0.0,305917.79
2025-03-05,2025-03-05,Equipment purchase,REF68651058,124.18,0.0,305793.61
2025-03-07,2025-03-07,Training/conference,REF36595783,110.36,0.0,305683.25
2025-03-09,2025-03-09,Software subscription,REF63668393,145.96,0.0,305537.29
2025-03-10,2025-03-10,Internet and phone service,REF20962097,133.2,0.0,305404.09
2025-03-14,2025-03-14,Professional services,REF16292101,260.52,0.0,305143.57
2025-03-15,2025-03-15,Project payment - Doyle Ltd,REF94963327,0.0,1686.75,306830.32
2025-03-15,2025-03-15,"Payment from Rodriguez, Figueroa and Sanchez",REF53949371,0.0,2152.56,308982.88
2025-03-15,2025-03-15,Business insurance premium,REF41599913,138.79,0.0,308844.09
2025-03-15,2025-03-15,"Payment from Mcclain, Miller and Henderson",REF81862068,0.0,2135.98,310980.07
2025-03-21,2025-03-21,Professional services,REF16566034,214.83,0.0,310765.24
2025-04-08,2025-04-08,Office supplies,REF92271872,63.29,0.0,310701.95
2025-04-08,2025-04-08,Business travel,REF68996864,163.85,0.0,310538.1
2025-04-09,2025-04-09,Software subscription,REF78615653,127.33,0.0,310410.77
2025-04-11,2025-04-11,Professional services,REF45106304,339.87,0.0,310070.9
2025-04-12,2025-04-12,Office supplies,REF31217498,67.91,0.0,310002.99
2025-04-13,2025-04-13,Marketing expenses,REF52541506,244.06,0.0,309758.93
2025-04-13,2025-04-13,Office supplies,REF28265686,68.6,0.0,309690.33
2025-04-14,2025-04-14,Office supplies,REF47257910,52.4,0.0,309637.93
2025-04-15,2025-04-15,Office supplies,REF89058362,68.24,0.0,309569.69
2025-04-15,2025-04-15,Business insurance premium,REF61161771,123.03,0.0,309446.66
2025-04-15,2025-04-15,"Payment from Mcclain, Miller and Henderson",REF19981018,0.0,1668.43,311115.09
2025-04-15,2025-04-15,Payment from Doyle Ltd,REF87264442,0.0,1203.07,312318.16
2025-04-15,2025-04-15,"Project payment - Rodriguez, Figueroa and Sanchez",REF22945904,0.0,1707.58,314025.74
2025-04-18,2025-04-18,Equipment purchase,REF23903398,121.43,0.0,313904.31
2025-04-21,2025-04-21,Office supplies,REF71935458,47.77,0.0,313856.54
2025-04-28,2025-04-28,Office supplies,REF57713848,65.35,0.0,313791.19
2025-04-30,2025-04-30,Office supplies,REF74009357,51.07,0.0,313740.12
2025-05-03,2025-05-03,Equipment purchase,REF92844346,93.75,0.0,313646.37
2025-05-03,2025-05-03,Office supplies,REF33712219,64.53,0.0,313581.84
2025-05-03,2025-05-03,Training/conference,REF92743042,64.6,0.0,313517.24
2025-05-05,2025-05-05,Training/conference,REF52399475,93.22,0.0,313424.02
2025-05-08,2025-05-08,Training/conference,REF83910355,81.1,0.0,313342.92
2025-05-09,2025-05-09,Software subscription,REF23752390,153.12,0.0,313189.8
2025-05-15,2025-05-15,"Payment from Rodriguez, Figueroa and Sanchez",REF94779046,0.0,1710.31,314900.11
2025-05-15,2025-05-15,Business insurance premium,REF41060268,123.58,0.0,314776.53
2025-05-15,2025-05-15,"Invoice payment - Mcclain, Miller and Henderson",REF50380158,0.0,1986.29,316762.82
2025-05-15,2025-05-15,Invoice payment - Doyle Ltd,REF54539540,0.0,1184.63,317947.45
2025-05-20,2025-05-20,Business travel,REF31416720,122.27,0.0,317825.18
2025-05-21,2025-05-21,Marketing expenses,REF51374366,227.68,0.0,317597.5
2025-05-22,2025-05-22,Training/conference,REF37771913,84.3,0.0,317513.2
2025-05-24,2025-05-24,Office supplies,REF44548106,37.54,0.0,317475.66
2025-05-25,2025-05-25,Marketing expenses,REF78760871,229.45,0.0,317246.21
2025-05-25,2025-05-25,Equipment purchase,REF44310036,96.22,0.0,317149.99
2025-05-27,2025-05-27,Equipment purchase,REF46116338,82.48,0.0,317067.51
2025-06-07,2025-06-07,Training/conference,REF23839379,62.22,0.0,317005.29
2025-06-09,2025-06-09,Software subscription,REF15422062,134.53,0.0,316870.76
2025-06-15,2025-06-15,Business insurance premium,REF61946106,115.17,0.0,316755.59
2025-06-15,2025-06-15,Invoice payment - Doyle Ltd,REF43387408,0.0,1073.93,317829.52
2025-06-15,2025-06-15,Marketing expenses,REF75083932,83.22,0.0,317746.3
2025-06-16,2025-06-16,Business travel,REF22773049,101.19,0.0,317645.11
2025-06-16,2025-06-16,Office supplies,REF19824433,45.35,0.0,317599.76
2025-06-20,2025-06-20,Training/conference,REF76650612,136.08,0.0,317463.68
2025-06-30,2025-06-30,Business travel,REF97787266,202.42,0.0,317261.26
2025-06-30,2025-06-30,Equipment purchase,REF44190392,118.81,0.0,317142.45
2025-07-01,2025-07-01,Marketing expenses,REF11438130,144.18,0.0,316998.27
2025-07-01,2025-07-01,Office supplies,REF53387371,57.96,0.0,316940.31
2025-07-03,2025-07-03,Office supplies,REF38314892,32.21,0.0,316908.1
2025-07-05,2025-07-05,Office supplies,REF46634970,43.06,0.0,316865.04
2025-07-09,2025-07-09,Software subscription,REF80991544,115.47,0.0,316749.57
2025-07-14,2025-07-14,Professional services,REF49804288,154.47,0.0,316595.1
2025-07-15,2025-07-15,Invoice payment - Doyle Ltd,REF97889251,0.0,1047.52,317642.62
2025-07-15,2025-07-15,"Invoice payment - Mcclain, Miller and Henderson",REF99326427,0.0,1410.34,319052.96
2025-07-15,2025-07-15,"Payment from Rodriguez, Figueroa and Sanchez",REF60596462,0.0,1501.47,320554.43
2025-07-15,2025-07-15,Business insurance premium,REF94516256,83.84,0.0,320470.59
2025-07-18,2025-07-18,Professional services,REF71570064,207.44,0.0,320263.15
2025-07-19,2025-07-19,Office supplies,REF41027378,38.54,0.0,320224.61
2025-07-22,2025-07-22,Training/conference,REF38521239,87.98,0.0,320136.63
2025-07-25,2025-07-25,Internet and phone service,REF28138956,51.75,0.0,320084.88
2025-07-26,2025-07-26,Office supplies,REF20772070,37.45,0.0,320047.43
2025-07-28,2025-07-28,Internet and phone service,REF19093796,68.72,0.0,319978.71
2025-07-29,2025-07-29,Office supplies,REF80807701,31.11,0.0,319947.6
2025-08-03,2025-08-03,Office supplies,REF96560832,50.97,0.0,319896.63
2025-08-05,2025-08-05,Business travel,REF23445270,123.07,0.0,319773.56
2025-08-07,2025-08-07,Equipment purchase,REF12745268,67.68,0.0,319705.88
2025-08-09,2025-08-09,Software subscription,REF18973941,119.37,0.0,319586.51
2025-08-11,2025-08-11,Business travel,REF50809657,141.07,0.0,319445.44
2025-08-13,2025-08-13,Marketing expenses,REF26761462,125.46,0.0,319319.98
2025-08-15,2025-08-15,"Service payment - Rodriguez, Figueroa and Sanchez",REF52375041,0.0,1323.28,320643.26
2025-08-15,2025-08-15,Business insurance premium,REF51239111,83.43,0.0,320559.83
2025-08-15,2025-08-15,"Payment from Mcclain, Miller and Henderson",REF79835443,0.0,1370.51,321930.34
2025-08-15,2025-08-15,Invoice payment - Doyle Ltd,REF75121835,0.0,799.92,322730.26
2025-08-17,2025-08-17,Internet and phone service,REF23104606,36.13,0.0,322694.13
