transaction_date,value_date,description,reference,debit,credit,balance
2025-01-11,2025-01-11,Service payment - Customer_0013,REF44324719,0.0,83.61,71440.81
2025-01-11,2025-01-11,Service payment - Customer_0043,REF20987786,0.0,110.85,71551.66
2025-01-11,2025-01-11,Invoice payment - Customer_0090,REF19883389,0.0,55.05,71606.71
2025-01-11,2025-01-11,Invoice payment - Customer_0006,REF41617914,0.0,62.19,71668.9
2025-01-12,2025-01-12,Project payment - Customer_0025,REF35876638,0.0,12.57,71681.47
2025-01-12,2025-01-12,Project payment - Customer_0076,REF98827988,0.0,52.95,71734.42
2025-01-12,2025-01-12,Service payment - Customer_0089,REF57478684,0.0,87.91,71822.33
2025-01-12,2025-01-12,Payment from Customer_0029,REF36844930,0.0,69.97,71892.3
2025-01-12,2025-01-12,Invoice payment - Customer_0077,REF25120372,0.0,61.57,71953.87
2025-01-12,2025-01-12,Project payment - Customer_0027,REF98122860,0.0,38.12,71991.99
2025-01-12,2025-01-12,Invoice payment - Customer_0055,REF66785510,0.0,90.61,72082.6
2025-01-12,2025-01-12,Invoice payment - Customer_0023,REF35496106,0.0,90.87,72173.47
2025-01-12,2025-01-12,Project payment - Customer_0075,REF50255273,0.0,61.94,72235.41
2025-01-12,2025-01-12,Inventory purchase,REF79856299,1183.8,0.0,71051.61
2025-01-12,2025-01-12,Service payment - Customer_0081,REF57893709,0.0,81.61,71133.22
2025-01-12,2025-01-12,Payment from Customer_0086,REF43243519,0.0,68.85,71202.07
2025-01-12,2025-01-12,Service payment - Customer_0097,REF56928288,0.0,41.69,71243.76
2025-01-12,2025-01-12,Payment from Customer_0008,REF27502209,0.0,102.3,71346.06
2025-01-13,2025-01-13,Payment from Customer_0002,REF56208105,0.0,55.51,71401.57
2025-01-13,2025-01-13,Invoice payment - Customer_0040,REF61023525,0.0,58.29,71459.86
2025-01-13,2025-01-13,Invoice payment - Customer_0070,REF92878816,0.0,27.89,71487.75
2025-01-14,2025-01-14,Project payment - Customer_0069,REF50346784,0.0,72.89,71560.64
2025-01-14,2025-01-14,Project payment - Customer_0030,REF20291595,0.0,41.3,71601.94
2025-01-14,2025-01-14,Project payment - Customer_0084,REF25125182,0.0,103.1,71705.04
2025-01-14,2025-01-14,Payment from Customer_0051,REF74390967,0.0,79.82,71784.86
2025-01-14,2025-01-14,Project payment - Customer_0026,REF80224806,0.0,28.86,71813.72
2025-01-14,2025-01-14,Service payment - Customer_0000,REF95597484,0.0,78.0,71891.72
2025-01-14,2025-01-14,Project payment - Customer_0043,REF52076753,0.0,73.94,71965.66
2025-01-15,2025-01-15,Service payment - Customer_0058,REF79268772,0.0,46.94,72012.6
2025-01-15,2025-01-15,Payment from Customer_0069,REF98963972,0.0,72.63,72085.23
2025-01-15,2025-01-15,Project payment - Customer_0009,REF54258498,0.0,51.49,72136.72
2025-01-15,2025-01-15,Service payment - Customer_0027,REF76499027,0.0,23.29,72160.01
2025-01-15,2025-01-15,Project payment - Customer_0086,REF63613383,0.0,61.67,72221.68
2025-01-15,2025-01-15,Project payment - Customer_0087,REF65626261,0.0,69.94,72291.62
2025-01-15,2025-01-15,Project payment - Customer_0007,REF43183745,0.0,46.15,72337.77
2025-01-15,2025-01-15,Invoice payment - Customer_0002,REF55608208,0.0,59.36,72397.13
2025-01-15,2025-01-15,Service payment - Customer_0016,REF47726096,0.0,10.0,72407.13
2025-01-15,2025-01-15,Business insurance premium,REF92913662,143.7,0.0,72263.43
2025-01-16,2025-01-16,Payment from Customer_0079,REF72010628,0.0,34.61,72298.04
2025-01-16,2025-01-16,Project payment - Customer_0049,REF94856114,0.0,54.91,72352.95
2025-01-16,2025-01-16,Payment from Customer_0051,REF88428338,0.0,57.02,72409.97
2025-01-16,2025-01-16,Payment from Customer_0046,REF41729801,0.0,90.18,72500.15
2025-01-16,2025-01-16,Invoice payment - Customer_0084,REF65970579,0.0,82.3,72582.45
2025-01-16,2025-01-16,Invoice payment - Customer_0069,REF97176711,0.0,45.41,72627.86
2025-01-16,2025-01-16,Project payment - Customer_0006,REF88723880,0.0,59.49,72687.35
2025-01-16,2025-01-16,Payment from Customer_0043,REF29298684,0.0,85.34,72772.69
2025-01-17,2025-01-17,Inventory purchase,REF10304153,3093.6,0.0,69679.09
2025-01-17,2025-01-17,Invoice payment - Customer_0059,REF99723642,0.0,10.0,69689.09
2025-01-17,2025-01-17,Invoice payment - Customer_0049,REF40553736,0.0,63.25,69752.34
2025-01-17,2025-01-17,Invoice payment - Customer_0091,REF70947278,0.0,56.62,69808.96
2025-01-17,2025-01-17,Service payment - Customer_0026,REF85588610,0.0,34.21,69843.17
2025-01-17,2025-01-17,Invoice payment - Customer_0034,REF24747803,0.0,87.96,69931.13
2025-01-17,2025-01-17,Invoice payment - Customer_0025,REF16154249,0.0,14.71,69945.84
2025-01-17,2025-01-17,Payment from Customer_0078,REF58943678,0.0,31.18,69977.02
2025-01-17,2025-01-17,Invoice payment - Customer_0081,REF42897828,0.0,70.55,70047.57
2025-01-17,2025-01-17,Payment from Customer_0028,REF57636275,0.0,37.34,70084.91
2025-01-18,2025-01-18,Service payment - Customer_0004,REF14185207,0.0,98.77,70183.68
2025-01-18,2025-01-18,Service payment - Customer_0005,REF11737453,0.0,36.86,70220.54
2025-01-18,2025-01-18,Payment from Customer_0083,REF73735837,0.0,56.66,70277.2
2025-01-18,2025-01-18,Invoice payment - Customer_0096,REF73293384,0.0,59.42,70336.62
2025-01-18,2025-01-18,Payment from Customer_0091,REF66447728,0.0,57.9,70394.52
2025-01-18,2025-01-18,Payment from Customer_0046,REF53093321,0.0,85.37,70479.89
2025-01-18,2025-01-18,Payment from Customer_0050,REF91764905,0.0,70.24,70550.13
2025-01-18,2025-01-18,Project payment - Customer_0049,REF62339139,0.0,72.41,70622.54
2025-01-19,2025-01-19,Service payment - Customer_0039,REF11773433,0.0,51.57,70674.11
2025-01-19,2025-01-19,Service payment - Customer_0066,REF27950592,0.0,67.04,70741.15
2025-01-19,2025-01-19,Project payment - Customer_0015,REF84637355,0.0,26.28,70767.43
2025-01-19,2025-01-19,Project payment - Customer_0003,REF39253081,0.0,71.14,70838.57
2025-01-19,2025-01-19,Service payment - Customer_0042,REF91300059,0.0,28.14,70866.71
2025-01-19,2025-01-19,Service payment - Customer_0007,REF86334155,0.0,40.32,70907.03
2025-01-19,2025-01-19,Project payment - Customer_0098,REF83914131,0.0,65.41,70972.44
2025-01-19,2025-01-19,Invoice payment - Customer_0055,REF90850122,0.0,110.04,71082.48
2025-01-19,2025-01-19,Service payment - Customer_0052,REF54240883,0.0,54.4,71136.88
2025-01-19,2025-01-19,Payment from Customer_0063,REF56763043,0.0,36.5,71173.38
2025-01-19,2025-01-19,Project payment - Customer_0079,REF60229762,0.0,38.93,71212.31
2025-01-19,2025-01-19,Service payment - Customer_0033,REF49155399,0.0,110.95,71323.26
2025-01-19,2025-01-19,Service payment - Customer_0035,REF44349718,0.0,81.71,71404.97
2025-01-19,2025-01-19,Payment from Customer_0009,REF20979829,0.0,73.65,71478.62
2025-01-20,2025-01-20,Service payment - Customer_0015,REF22118948,0.0,26.01,71504.63
2025-01-20,2025-01-20,Project payment - Customer_0049,REF66941402,0.0,85.47,71590.1
2025-01-20,2025-01-20,Payment from Customer_0018,REF39181141,0.0,88.54,71678.64
2025-01-20,2025-01-20,Project payment - Customer_0047,REF81377680,0.0,57.86,71736.5
2025-01-20,2025-01-20,Service payment - Customer_0023,REF69568720,0.0,99.25,71835.75
2025-01-20,2025-01-20,Service payment - Customer_0000,REF22055844,0.0,145.58,71981.33
2025-01-20,2025-01-20,Service payment - Customer_0076,REF69515270,0.0,49.03,72030.36
2025-01-20,2025-01-20,Project payment - Customer_0074,REF86522671,0.0,23.34,72053.7
2025-01-20,2025-01-20,Invoice payment - Customer_0060,REF64938766,0.0,50.31,72104.01
2025-01-20,2025-01-20,Marketing expenses,REF44963693,70.89,0.0,72033.12
2025-01-21,2025-01-21,Invoice payment - Customer_0075,REF21151219,0.0,76.41,72109.53
2025-01-21,2025-01-21,Service payment - Customer_0088,REF62603958,0.0,62.55,72172.08
2025-01-21,2025-01-21,Invoice payment - Customer_0056,REF35381685,0.0,64.47,72236.55
2025-01-21,2025-01-21,Project payment - Customer_0023,REF77769784,0.0,105.92,72342.47
2025-01-21,2025-01-21,Project payment - Customer_0055,REF86717948,0.0,98.98,72441.45
2025-01-21,2025-01-21,Payment from Customer_0019,REF56317841,0.0,43.28,72484.73
2025-01-21,2025-01-21,Employee payroll,REF30341925,657.42,0.0,71827.31
2025-01-22,2025-01-22,Project payment - Customer_0092,REF74884150,0.0,33.7,71861.01
2025-01-22,2025-01-22,Service payment - Customer_0021,REF87043041,0.0,73.48,71934.49
2025-01-22,2025-01-22,Project payment - Customer_0035,REF26311648,0.0,92.38,72026.87
2025-01-22,2025-01-22,Project payment - Customer_0058,REF51467917,0.0,46.41,72073.28
2025-01-22,2025-01-22,Utility bill payment,REF69167806,124.1,0.0,71949.18
2025-01-22,2025-01-22,Payment from Customer_0056,REF50445699,0.0,80.35,72029.53
2025-01-22,2025-01-22,Payment from Customer_0094,REF30513017,0.0,83.75,72113.28
2025-01-22,2025-01-22,Invoice payment - Customer_0080,REF48448027,0.0,128.99,72242.27
2025-01-22,2025-01-22,Inventory purchase,REF40431020,2268.72,0.0,69973.55
2025-01-23,2025-01-23,Payment from Customer_0092,REF37969831,0.0,25.12,69998.67
2025-01-23,2025-01-23,Packaging Shipping expense,REF35098333,191.63,0.0,69807.04
2025-01-23,2025-01-23,Payment from Customer_0087,REF87961412,0.0,79.84,69886.88
2025-01-23,2025-01-23,Invoice payment - Customer_0085,REF97207717,0.0,35.6,69922.48
2025-01-23,2025-01-23,Project payment - Customer_0000,REF37696928,0.0,160.77,70083.25
2025-01-23,2025-01-23,Project payment - Customer_0069,REF36855647,0.0,59.86,70143.11
2025-01-23,2025-01-23,Service payment - Customer_0090,REF40545321,0.0,48.66,70191.77
2025-01-23,2025-01-23,Service payment - Customer_0031,REF45845638,0.0,63.01,70254.78
2025-01-23,2025-01-23,Service payment - Customer_0095,REF12797838,0.0,16.45,70271.23
2025-01-23,2025-01-23,Project payment - Customer_0027,REF18242762,0.0,33.5,70304.73
2025-01-23,2025-01-23,Payment from Customer_0034,REF47296497,0.0,109.18,70413.91
2025-01-24,2025-01-24,Service payment - Customer_0039,REF74845897,0.0,47.49,70461.4
2025-01-24,2025-01-24,Project payment - Customer_0088,REF36021528,0.0,69.71,70531.11
2025-01-24,2025-01-24,Payment from Customer_0025,REF50319416,0.0,13.69,70544.8
2025-01-24,2025-01-24,Payment from Customer_0090,REF68090771,0.0,54.97,70599.77
2025-01-24,2025-01-24,Payment from Customer_0050,REF28954406,0.0,81.93,70681.7
2025-01-24,2025-01-24,Service payment - Customer_0093,REF12001124,0.0,41.49,70723.19
2025-01-24,2025-01-24,Service payment - Customer_0014,REF37374363,0.0,10.0,70733.19
2025-01-24,2025-01-24,Project payment - Customer_0030,REF69223090,0.0,29.25,70762.44
2025-01-24,2025-01-24,Service payment - Customer_0004,REF22673022,0.0,91.02,70853.46
2025-01-25,2025-01-25,Invoice payment - Customer_0039,REF14929229,0.0,59.41,70912.87
2025-01-25,2025-01-25,Invoice payment - Customer_0096,REF58099531,0.0,55.33,70968.2
2025-01-25,2025-01-25,Project payment - Customer_0078,REF37223574,0.0,30.97,70999.17
2025-01-25,2025-01-25,Invoice payment - Customer_0060,REF45397729,0.0,36.67,71035.84
2025-01-25,2025-01-25,Service payment - Customer_0031,REF49067084,0.0,65.56,71101.4
2025-01-25,2025-01-25,Service payment - Customer_0057,REF11038070,0.0,89.89,71191.29
2025-01-26,2025-01-26,Service payment - Customer_0045,REF46771232,0.0,127.7,71318.99
2025-01-26,2025-01-26,Service payment - Customer_0012,REF74429470,0.0,85.51,71404.5
2025-01-26,2025-01-26,Service payment - Customer_0060,REF34895066,0.0,37.62,71442.12
2025-01-26,2025-01-26,Service payment - Customer_0068,REF81471656,0.0,71.27,71513.39
2025-01-26,2025-01-26,Invoice payment - Customer_0047,REF34361849,0.0,83.64,71597.03
2025-01-26,2025-01-26,Service payment - Customer_0084,REF39299882,0.0,104.93,71701.96
2025-01-26,2025-01-26,Payment from Customer_0028,REF78185071,0.0,42.52,71744.48
2025-01-26,2025-01-26,Invoice payment - Customer_0099,REF34154848,0.0,49.91,71794.39
2025-01-26,2025-01-26,Project payment - Customer_0087,REF70013832,0.0,92.29,71886.68
2025-01-27,2025-01-27,Project payment - Customer_0078,REF12309060,0.0,37.19,71923.87
2025-01-27,2025-01-27,Project payment - Customer_0033,REF99409159,0.0,94.74,72018.61
2025-01-27,2025-01-27,Project payment - Customer_0096,REF81282669,0.0,51.79,72070.4
2025-01-27,2025-01-27,Payment from Customer_0070,REF18290540,0.0,25.18,72095.58
2025-01-27,2025-01-27,Project payment - Customer_0091,REF34791679,0.0,76.73,72172.31
2025-01-27,2025-01-27,Project payment - Customer_0036,REF26854486,0.0,38.65,72210.96
2025-01-27,2025-01-27,Service payment - Customer_0064,REF93212619,0.0,122.23,72333.19
2025-01-27,2025-01-27,Project payment - Customer_0026,REF53365637,0.0,24.31,72357.5
2025-01-27,2025-01-27,Service payment - Customer_0025,REF23978601,0.0,10.26,72367.76
2025-01-28,2025-01-28,Service payment - Customer_0009,REF68471747,0.0,50.44,72418.2
2025-01-28,2025-01-28,Project payment - Customer_0064,REF12546091,0.0,118.73,72536.93
2025-01-28,2025-01-28,Service payment - Customer_0004,REF22366111,0.0,110.78,72647.71
2025-01-28,2025-01-28,Project payment - Customer_0072,REF80179263,0.0,44.87,72692.58
2025-01-28,2025-01-28,Payment from Customer_0082,REF58721384,0.0,30.21,72722.79
2025-01-28,2025-01-28,Service payment - Customer_0069,REF37716457,0.0,66.44,72789.23
2025-01-28,2025-01-28,Invoice payment - Customer_0090,REF35540046,0.0,36.61,72825.84
2025-01-28,2025-01-28,Payment from Customer_0011,REF63637676,0.0,38.65,72864.49
2025-01-28,2025-01-28,Payment from Customer_0039,REF78720442,0.0,58.05,72922.54
2025-01-28,2025-01-28,Invoice payment - Customer_0059,REF38943686,0.0,10.0,72932.54
2025-01-28,2025-01-28,Project payment - Customer_0058,REF14874300,0.0,45.47,72978.01
2025-01-28,2025-01-28,Project payment - Customer_0028,REF94280509,0.0,33.01,73011.02
2025-01-29,2025-01-29,Project payment - Customer_0045,REF41890006,0.0,147.33,73158.35
2025-01-29,2025-01-29,Payment from Customer_0063,REF66452370,0.0,28.9,73187.25
2025-01-29,2025-01-29,Invoice payment - Customer_0019,REF42305771,0.0,39.07,73226.32
2025-01-29,2025-01-29,Service payment - Customer_0075,REF42678877,0.0,78.85,73305.17
2025-01-29,2025-01-29,Project payment - Customer_0086,REF38929496,0.0,54.12,73359.29
2025-01-29,2025-01-29,Payment from Customer_0010,REF25269149,0.0,111.84,73471.13
2025-01-29,2025-01-29,Project payment - Customer_0047,REF41866753,0.0,61.84,73532.97
2025-01-29,2025-01-29,Payment from Customer_0052,REF27532306,0.0,62.48,73595.45
2025-01-29,2025-01-29,Project payment - Customer_0013,REF34976329,0.0,85.09,73680.54
2025-01-29,2025-01-29,Project payment - Customer_0069,REF48199628,0.0,69.69,73750.23
2025-01-29,2025-01-29,Service payment - Customer_0053,REF28821430,0.0,80.54,73830.77
2025-01-30,2025-01-30,Project payment - Customer_0098,REF38703230,0.0,63.14,73893.91
2025-01-30,2025-01-30,Invoice payment - Customer_0033,REF61879299,0.0,110.53,74004.44
2025-01-30,2025-01-30,Service payment - Customer_0024,REF75514777,0.0,42.12,74046.56
2025-01-30,2025-01-30,Payment from Customer_0040,REF50872868,0.0,29.68,74076.24
2025-01-30,2025-01-30,Project payment - Customer_0069,REF24167727,0.0,55.45,74131.69
2025-01-30,2025-01-30,Service payment - Customer_0080,REF75478400,0.0,127.34,74259.03
2025-01-30,2025-01-30,Payment from Customer_0000,REF87680062,0.0,159.37,74418.4
2025-01-30,2025-01-30,Project payment - Customer_0060,REF79961844,0.0,38.45,74456.85
2025-01-30,2025-01-30,Project payment - Customer_0008,REF82494677,0.0,42.68,74499.53
2025-01-30,2025-01-30,Project payment - Customer_0067,REF91860255,0.0,48.41,74547.94
2025-01-30,2025-01-30,Project payment - Customer_0095,REF38477798,0.0,25.46,74573.4
2025-01-30,2025-01-30,Project payment - Customer_0092,REF96198251,0.0,35.95,74609.35
2025-01-30,2025-01-30,Payment from Customer_0046,REF97097904,0.0,86.16,74695.51
2025-01-30,2025-01-30,Payment from Customer_0057,REF23602588,0.0,83.0,74778.51
2025-01-31,2025-01-31,Service payment - Customer_0012,REF27669689,0.0,122.2,74900.71
2025-01-31,2025-01-31,Project payment - Customer_0023,REF51147802,0.0,119.67,75020.38
2025-01-31,2025-01-31,Service payment - Customer_0025,REF34630985,0.0,14.66,75035.04
2025-01-31,2025-01-31,Service payment - Customer_0022,REF44172612,0.0,103.12,75138.16
2025-01-31,2025-01-31,Payment from Customer_0036,REF61632891,0.0,31.31,75169.47
2025-01-31,2025-01-31,Project payment - Customer_0014,REF85818696,0.0,10.0,75179.47
2025-01-31,2025-01-31,Service payment - Customer_0008,REF54951533,0.0,81.66,75261.13
2025-01-31,2025-01-31,Payment from Customer_0085,REF45188807,0.0,28.92,75290.05
2025-01-31,2025-01-31,Payment from Customer_0095,REF81491635,0.0,32.89,75322.94
2025-01-31,2025-01-31,Project payment - Customer_0017,REF44347419,0.0,44.17,75367.11
2025-01-31,2025-01-31,Payment from Customer_0073,REF68899824,0.0,32.46,75399.57
2025-01-31,2025-01-31,Invoice payment - Customer_0030,REF97264040,0.0,38.25,75437.82
2025-01-31,2025-01-31,Service payment - Customer_0070,REF97630231,0.0,30.87,75468.69
2025-01-31,2025-01-31,Service payment - Customer_0048,REF85746979,0.0,88.74,75557.43
2025-01-31,2025-01-31,Service payment - Customer_0060,REF79027557,0.0,57.59,75615.02
2025-01-31,2025-01-31,Service payment - Customer_0016,REF54724311,0.0,10.0,75625.02
2025-02-01,2025-02-01,Payment from Customer_0037,REF67934282,0.0,101.36,75726.38
2025-02-01,2025-02-01,Payment from Customer_0083,REF45037035,0.0,79.21,75805.59
2025-02-01,2025-02-01,Invoice payment - Customer_0011,REF38048968,0.0,56.75,75862.34
2025-02-01,2025-02-01,Project payment - Customer_0080,REF32835120,0.0,139.14,76001.48
2025-02-01,2025-02-01,Service payment - Customer_0094,REF32298411,0.0,109.74,76111.22
2025-02-01,2025-02-01,Employee payroll,REF56363510,1749.74,0.0,74361.48
2025-02-01,2025-02-01,Invoice payment - Customer_0001,REF36818916,0.0,56.61,74418.09
2025-02-01,2025-02-01,Service payment - Customer_0036,REF42784967,0.0,30.61,74448.7
2025-02-01,2025-02-01,Invoice payment - Customer_0008,REF88069834,0.0,112.73,74561.43
2025-02-01,2025-02-01,Project payment - Customer_0053,REF77615466,0.0,93.69,74655.12
2025-02-01,2025-02-01,Project payment - Customer_0065,REF70538701,0.0,80.66,74735.78
2025-02-01,2025-02-01,Project payment - Customer_0003,REF13518403,0.0,66.6,74802.38
2025-02-01,2025-02-01,Monthly office rent,REF53656701,1099.08,0.0,73703.3
2025-02-01,2025-02-01,Pos Systems expense,REF61849805,48.38,0.0,73654.92
2025-02-02,2025-02-02,Marketing expenses,REF71747781,357.78,0.0,73297.14
2025-02-02,2025-02-02,Payment from Customer_0066,REF78902499,0.0,79.67,73376.81
2025-02-02,2025-02-02,Payment from Customer_0008,REF90420037,0.0,84.38,73461.19
2025-02-02,2025-02-02,Invoice payment - Customer_0030,REF85208453,0.0,37.71,73498.9
2025-02-02,2025-02-02,Service payment - Customer_0055,REF25051619,0.0,87.13,73586.03
2025-02-02,2025-02-02,Project payment - Customer_0082,REF30973148,0.0,37.14,73623.17
2025-02-03,2025-02-03,Payment from Customer_0076,REF12807674,0.0,64.69,73687.86
2025-02-03,2025-02-03,Project payment - Customer_0079,REF75139374,0.0,51.57,73739.43
2025-02-03,2025-02-03,Invoice payment - Customer_0028,REF82937672,0.0,37.02,73776.45
2025-02-03,2025-02-03,Service payment - Customer_0014,REF67989474,0.0,10.71,73787.16
2025-02-03,2025-02-03,Payment from Customer_0067,REF54584607,0.0,57.33,73844.49
2025-02-03,2025-02-03,Payment from Customer_0035,REF45623743,0.0,90.44,73934.93
2025-02-03,2025-02-03,Service payment - Customer_0001,REF45281827,0.0,72.63,74007.56
2025-02-03,2025-02-03,Payment from Customer_0006,REF86644843,0.0,51.5,74059.06
2025-02-03,2025-02-03,Invoice payment - Customer_0027,REF45844954,0.0,39.36,74098.42
2025-02-04,2025-02-04,Payment from Customer_0008,REF58786975,0.0,93.72,74192.14
2025-02-04,2025-02-04,Service payment - Customer_0025,REF29181439,0.0,16.52,74208.66
2025-02-04,2025-02-04,Invoice payment - Customer_0020,REF53827473,0.0,73.5,74282.16
2025-02-04,2025-02-04,Payment from Customer_0089,REF97167916,0.0,53.99,74336.15
2025-02-04,2025-02-04,Payment from Customer_0035,REF17479741,0.0,78.84,74414.99
2025-02-04,2025-02-04,Payment from Customer_0028,REF59992988,0.0,32.71,74447.7
2025-02-04,2025-02-04,Service payment - Customer_0055,REF78082232,0.0,96.73,74544.43
2025-02-04,2025-02-04,Payment from Customer_0051,REF14725773,0.0,89.08,74633.51
2025-02-05,2025-02-05,Service payment - Customer_0040,REF64525483,0.0,38.06,74671.57
2025-02-05,2025-02-05,Marketing expenses,REF30344376,364.85,0.0,74306.72
2025-02-05,2025-02-05,Invoice payment - Customer_0060,REF21048628,0.0,58.2,74364.92
2025-02-05,2025-02-05,Payment from Customer_0083,REF34968176,0.0,58.7,74423.62
2025-02-05,2025-02-05,Payment from Customer_0039,REF59141263,0.0,57.34,74480.96
2025-02-05,2025-02-05,Payment from Customer_0044,REF66529806,0.0,55.86,74536.82
2025-02-05,2025-02-05,Project payment - Customer_0009,REF90080418,0.0,57.06,74593.88
2025-02-05,2025-02-05,Project payment - Customer_0003,REF37012632,0.0,50.48,74644.36
2025-02-05,2025-02-05,Inventory purchase,REF74357235,1744.37,0.0,72899.99
2025-02-05,2025-02-05,Service payment - Customer_0063,REF98367634,0.0,47.34,72947.33
2025-02-05,2025-02-05,Invoice payment - Customer_0021,REF99258510,0.0,90.41,73037.74
2025-02-05,2025-02-05,Invoice payment - Customer_0056,REF52397582,0.0,89.89,73127.63
2025-02-05,2025-02-05,Service payment - Customer_0019,REF21264860,0.0,57.99,73185.62
2025-02-05,2025-02-05,Invoice payment - Customer_0016,REF39780286,0.0,11.64,73197.26
2025-02-06,2025-02-06,Service payment - Customer_0050,REF91592026,0.0,92.52,73289.78
2025-02-06,2025-02-06,Payment from Customer_0053,REF75638707,0.0,67.77,73357.55
2025-02-06,2025-02-06,Invoice payment - Customer_0015,REF99710495,0.0,27.97,73385.52
2025-02-06,2025-02-06,Payment from Customer_0094,REF33092268,0.0,91.36,73476.88
2025-02-06,2025-02-06,Project payment - Customer_0091,REF67204964,0.0,71.59,73548.47
2025-02-06,2025-02-06,Payment from Customer_0052,REF95767594,0.0,83.05,73631.52
2025-02-07,2025-02-07,Invoice payment - Customer_0065,REF36262079,0.0,87.85,73719.37
2025-02-07,2025-02-07,Payment from Customer_0010,REF87757741,0.0,111.81,73831.18
2025-02-07,2025-02-07,Project payment - Customer_0000,REF67867438,0.0,129.6,73960.78
2025-02-07,2025-02-07,Invoice payment - Customer_0012,REF13433267,0.0,130.62,74091.4
2025-02-07,2025-02-07,Invoice payment - Customer_0006,REF93899281,0.0,83.0,74174.4
2025-02-07,2025-02-07,Project payment - Customer_0090,REF34200565,0.0,53.92,74228.32
2025-02-07,2025-02-07,Project payment - Customer_0097,REF49644341,0.0,38.53,74266.85
2025-02-07,2025-02-07,Project payment - Customer_0020,REF72069817,0.0,51.13,74317.98
2025-02-07,2025-02-07,Invoice payment - Customer_0074,REF17107412,0.0,31.62,74349.6
2025-02-07,2025-02-07,Pos Systems expense,REF35069961,19.9,0.0,74329.7
2025-02-07,2025-02-07,Service payment - Customer_0098,REF75486174,0.0,64.62,74394.32
2025-02-07,2025-02-07,Payment from Customer_0023,REF51040364,0.0,119.4,74513.72
2025-02-07,2025-02-07,Project payment - Customer_0089,REF85674944,0.0,73.27,74586.99
2025-02-07,2025-02-07,Packaging Shipping expense,REF62010978,228.46,0.0,74358.53
2025-02-08,2025-02-08,Project payment - Customer_0021,REF12192076,0.0,81.81,74440.34
2025-02-08,2025-02-08,Payment from Customer_0064,REF54343377,0.0,133.65,74573.99
2025-02-08,2025-02-08,Project payment - Customer_0019,REF55551726,0.0,43.31,74617.3
2025-02-08,2025-02-08,Service payment - Customer_0015,REF71438397,0.0,26.32,74643.62
2025-02-08,2025-02-08,Payment from Customer_0093,REF48334657,0.0,47.25,74690.87
2025-02-08,2025-02-08,Project payment - Customer_0076,REF38077971,0.0,55.82,74746.69
2025-02-08,2025-02-08,Payment from Customer_0088,REF50930668,0.0,87.38,74834.07
2025-02-08,2025-02-08,Invoice payment - Customer_0007,REF65029059,0.0,54.19,74888.26
2025-02-08,2025-02-08,Project payment - Customer_0087,REF25949961,0.0,95.05,74983.31
2025-02-08,2025-02-08,Payment from Customer_0043,REF80087491,0.0,116.13,75099.44
2025-02-08,2025-02-08,Project payment - Customer_0002,REF13543287,0.0,71.2,75170.64
2025-02-09,2025-02-09,Payment from Customer_0049,REF73018864,0.0,115.73,75286.37
2025-02-09,2025-02-09,Invoice payment - Customer_0000,REF18076829,0.0,166.45,75452.82
2025-02-09,2025-02-09,Invoice payment - Customer_0021,REF60218284,0.0,60.61,75513.43
2025-02-09,2025-02-09,Service payment - Customer_0068,REF87144379,0.0,78.9,75592.33
2025-02-09,2025-02-09,Project payment - Customer_0015,REF18238501,0.0,23.01,75615.34
2025-02-09,2025-02-09,Invoice payment - Customer_0079,REF60617979,0.0,40.6,75655.94
2025-02-09,2025-02-09,Service payment - Customer_0066,REF96258631,0.0,64.67,75720.61
2025-02-09,2025-02-09,Inventory purchase,REF94741880,3280.18,0.0,72440.43
2025-02-10,2025-02-10,Professional Services expense,REF46113024,120.34,0.0,72320.09
2025-02-10,2025-02-10,Invoice payment - Customer_0020,REF23855266,0.0,57.97,72378.06
2025-02-10,2025-02-10,Project payment - Customer_0066,REF98367155,0.0,94.55,72472.61
2025-02-10,2025-02-10,Project payment - Customer_0091,REF93104060,0.0,97.68,72570.29
2025-02-10,2025-02-10,Payment from Customer_0007,REF48023005,0.0,48.21,72618.5
2025-02-10,2025-02-10,Project payment - Customer_0057,REF70182600,0.0,99.73,72718.23
2025-02-10,2025-02-10,Service payment - Customer_0041,REF98681487,0.0,93.24,72811.47
2025-02-10,2025-02-10,Employee payroll,REF73268772,2344.19,0.0,70467.28
2025-02-10,2025-02-10,Invoice payment - Customer_0095,REF80296844,0.0,34.86,70502.14
2025-02-10,2025-02-10,Payment from Customer_0011,REF50864653,0.0,62.71,70564.85
2025-02-10,2025-02-10,Invoice payment - Customer_0060,REF42980719,0.0,57.09,70621.94
2025-02-10,2025-02-10,Service payment - Customer_0081,REF56511156,0.0,72.17,70694.11
2025-02-10,2025-02-10,Project payment - Customer_0077,REF73281575,0.0,51.44,70745.55
2025-02-10,2025-02-10,Service payment - Customer_0087,REF36118328,0.0,111.24,70856.79
2025-02-10,2025-02-10,Service payment - Customer_0079,REF98430242,0.0,43.39,70900.18
2025-02-11,2025-02-11,Service payment - Customer_0009,REF56826253,0.0,78.37,70978.55
2025-02-11,2025-02-11,Invoice payment - Customer_0099,REF63728143,0.0,66.85,71045.4
2025-02-11,2025-02-11,Service payment - Customer_0014,REF43170343,0.0,10.03,71055.43
2025-02-11,2025-02-11,Invoice payment - Customer_0095,REF13907492,0.0,40.41,71095.84
2025-02-11,2025-02-11,Payment from Customer_0066,REF23762077,0.0,66.3,71162.14
2025-02-11,2025-02-11,Service payment - Customer_0091,REF98587644,0.0,57.08,71219.22
2025-02-11,2025-02-11,Payment from Customer_0039,REF94501878,0.0,50.85,71270.07
2025-02-11,2025-02-11,Payment from Customer_0052,REF69693905,0.0,52.52,71322.59
2025-02-11,2025-02-11,Invoice payment - Customer_0089,REF26044633,0.0,80.46,71403.05
2025-02-11,2025-02-11,Service payment - Customer_0097,REF53093469,0.0,38.65,71441.7
2025-02-11,2025-02-11,Invoice payment - Customer_0073,REF28717722,0.0,39.67,71481.37
2025-02-11,2025-02-11,Invoice payment - Customer_0013,REF70436958,0.0,69.06,71550.43
2025-02-11,2025-02-11,Service payment - Customer_0044,REF77725681,0.0,36.96,71587.39
2025-02-11,2025-02-11,Inventory purchase,REF84349072,1548.85,0.0,70038.54
2025-02-11,2025-02-11,Packaging Shipping expense,REF79097269,104.31,0.0,69934.23
2025-02-12,2025-02-12,Service payment - Customer_0061,REF33252084,0.0,51.71,69985.94
2025-02-12,2025-02-12,Project payment - Customer_0098,REF73430838,0.0,56.25,70042.19
2025-02-12,2025-02-12,Service payment - Customer_0051,REF62920173,0.0,102.17,70144.36
2025-02-12,2025-02-12,Payment from Customer_0091,REF22968231,0.0,69.84,70214.2
2025-02-12,2025-02-12,Payment from Customer_0006,REF15505519,0.0,61.4,70275.6
2025-02-12,2025-02-12,Invoice payment - Customer_0092,REF54362282,0.0,38.95,70314.55
2025-02-12,2025-02-12,Invoice payment - Customer_0055,REF37101611,0.0,94.46,70409.01
2025-02-12,2025-02-12,Project payment - Customer_0064,REF32014883,0.0,128.84,70537.85
2025-02-12,2025-02-12,Invoice payment - Customer_0011,REF32768450,0.0,34.23,70572.08
2025-02-13,2025-02-13,Employee payroll,REF48112763,2527.29,0.0,68044.79
2025-02-13,2025-02-13,Invoice payment - Customer_0020,REF60043861,0.0,70.87,68115.66
2025-02-13,2025-02-13,Invoice payment - Customer_0081,REF66213299,0.0,79.34,68195.0
2025-02-13,2025-02-13,Project payment - Customer_0025,REF60861245,0.0,15.22,68210.22
2025-02-13,2025-02-13,Invoice payment - Customer_0070,REF84598552,0.0,44.2,68254.42
2025-02-13,2025-02-13,Invoice payment - Customer_0056,REF48881867,0.0,104.56,68358.98
2025-02-13,2025-02-13,Project payment - Customer_0062,REF53450866,0.0,51.58,68410.56
2025-02-13,2025-02-13,Payment from Customer_0010,REF96973477,0.0,159.29,68569.85
2025-02-14,2025-02-14,Payment from Customer_0000,REF47707511,0.0,156.16,68726.01
2025-02-14,2025-02-14,Invoice payment - Customer_0025,REF77570621,0.0,18.24,68744.25
2025-02-14,2025-02-14,Payment from Customer_0065,REF71198458,0.0,97.96,68842.21
2025-02-14,2025-02-14,Invoice payment - Customer_0071,REF15792279,0.0,171.73,69013.94
2025-02-14,2025-02-14,Payment from Customer_0009,REF43354079,0.0,61.1,69075.04
2025-02-14,2025-02-14,Inventory purchase,REF70847617,923.43,0.0,68151.61
2025-02-14,2025-02-14,Payment from Customer_0085,REF47635036,0.0,40.0,68191.61
2025-02-14,2025-02-14,Invoice payment - Customer_0089,REF11270992,0.0,76.93,68268.54
2025-02-15,2025-02-15,Payment from Customer_0034,REF12028318,0.0,150.65,68419.19
2025-02-15,2025-02-15,Project payment - Customer_0053,REF68883673,0.0,89.01,68508.2
2025-02-15,2025-02-15,Business insurance premium,REF64920695,156.03,0.0,68352.17
2025-02-15,2025-02-15,Payment from Customer_0096,REF18416371,0.0,52.98,68405.15
2025-02-15,2025-02-15,Payment from Customer_0002,REF77658122,0.0,98.71,68503.86
2025-02-15,2025-02-15,Project payment - Customer_0042,REF22344575,0.0,32.28,68536.14
2025-02-15,2025-02-15,Invoice payment - Customer_0099,REF66791396,0.0,54.08,68590.22
2025-02-15,2025-02-15,Project payment - Customer_0077,REF83460324,0.0,57.01,68647.23
2025-02-15,2025-02-15,Payment from Customer_0098,REF97698187,0.0,81.03,68728.26
2025-02-16,2025-02-16,Payment from Customer_0017,REF36734770,0.0,63.29,68791.55
2025-02-16,2025-02-16,Payment from Customer_0015,REF78187236,0.0,30.53,68822.08
2025-02-16,2025-02-16,Service payment - Customer_0007,REF31176481,0.0,49.39,68871.47
2025-02-16,2025-02-16,Project payment - Customer_0011,REF82684669,0.0,59.03,68930.5
2025-02-16,2025-02-16,Service payment - Customer_0085,REF41218654,0.0,53.5,68984.0
2025-02-16,2025-02-16,Project payment - Customer_0071,REF82590242,0.0,186.58,69170.58
2025-02-16,2025-02-16,Service payment - Customer_0062,REF36812405,0.0,55.59,69226.17
2025-02-16,2025-02-16,Service payment - Customer_0045,REF74653699,0.0,148.98,69375.15
2025-02-16,2025-02-16,Project payment - Customer_0041,REF84262153,0.0,127.15,69502.3
2025-02-17,2025-02-17,Payment from Customer_0077,REF54939728,0.0,56.25,69558.55
2025-02-17,2025-02-17,Project payment - Customer_0011,REF20322144,0.0,55.8,69614.35
2025-02-17,2025-02-17,Invoice payment - Customer_0051,REF41908102,0.0,84.3,69698.65
2025-02-17,2025-02-17,Service payment - Customer_0057,REF28790670,0.0,82.56,69781.21
2025-02-17,2025-02-17,Project payment - Customer_0036,REF61368181,0.0,41.55,69822.76
2025-02-17,2025-02-17,Payment from Customer_0049,REF29554163,0.0,115.32,69938.08
2025-02-17,2025-02-17,Project payment - Customer_0023,REF89914623,0.0,97.99,70036.07
2025-02-17,2025-02-17,Project payment - Customer_0089,REF18878585,0.0,79.95,70116.02
2025-02-17,2025-02-17,Service payment - Customer_0069,REF78963086,0.0,71.27,70187.29
2025-02-17,2025-02-17,Invoice payment - Customer_0096,REF20636941,0.0,49.26,70236.55
2025-02-18,2025-02-18,Project payment - Customer_0042,REF16911548,0.0,23.05,70259.6
2025-02-18,2025-02-18,Project payment - Customer_0077,REF29048533,0.0,81.35,70340.95
2025-02-18,2025-02-18,Invoice payment - Customer_0038,REF18119182,0.0,126.71,70467.66
2025-02-18,2025-02-18,Service payment - Customer_0078,REF90041248,0.0,57.84,70525.5
2025-02-18,2025-02-18,Invoice payment - Customer_0040,REF32023547,0.0,64.82,70590.32
2025-02-18,2025-02-18,Service payment - Customer_0071,REF32470898,0.0,153.69,70744.01
2025-02-18,2025-02-18,Service payment - Customer_0081,REF12033975,0.0,73.42,70817.43
2025-02-18,2025-02-18,Payment from Customer_0032,REF17462306,0.0,82.48,70899.91
2025-02-18,2025-02-18,Payment from Customer_0011,REF83516965,0.0,63.58,70963.49
2025-02-18,2025-02-18,Service payment - Customer_0079,REF42360036,0.0,35.24,70998.73
2025-02-19,2025-02-19,Project payment - Customer_0076,REF22528413,0.0,65.35,71064.08
2025-02-19,2025-02-19,Payment from Customer_0033,REF15292383,0.0,123.61,71187.69
2025-02-19,2025-02-19,Invoice payment - Customer_0043,REF27795191,0.0,103.71,71291.4
2025-02-19,2025-02-19,Payment from Customer_0067,REF23422232,0.0,56.34,71347.74
2025-02-19,2025-02-19,Payment from Customer_0004,REF42500578,0.0,105.77,71453.51
2025-02-19,2025-02-19,Project payment - Customer_0012,REF15512558,0.0,112.74,71566.25
2025-02-19,2025-02-19,Invoice payment - Customer_0037,REF79479147,0.0,105.14,71671.39
2025-02-19,2025-02-19,Invoice payment - Customer_0016,REF70965392,0.0,10.53,71681.92
2025-02-19,2025-02-19,Service payment - Customer_0006,REF54330127,0.0,73.48,71755.4
2025-02-19,2025-02-19,Employee payroll,REF80883287,2282.09,0.0,69473.31
2025-02-20,2025-02-20,Payment from Customer_0001,REF25617822,0.0,82.66,69555.97
2025-02-20,2025-02-20,Service payment - Customer_0031,REF66232606,0.0,88.73,69644.7
2025-02-20,2025-02-20,Payment from Customer_0062,REF45597426,0.0,51.08,69695.78
2025-02-20,2025-02-20,Payment from Customer_0005,REF64746372,0.0,47.7,69743.48
2025-02-20,2025-02-20,Service payment - Customer_0084,REF72186874,0.0,104.2,69847.68
2025-02-20,2025-02-20,Payment from Customer_0094,REF83981394,0.0,100.77,69948.45
2025-02-20,2025-02-20,Invoice payment - Customer_0050,REF43713959,0.0,97.51,70045.96
2025-02-20,2025-02-20,Invoice payment - Customer_0033,REF61054417,0.0,111.89,70157.85
2025-02-20,2025-02-20,Service payment - Customer_0079,REF84351216,0.0,30.96,70188.81
2025-02-20,2025-02-20,Invoice payment - Customer_0045,REF95917503,0.0,187.95,70376.76
2025-02-20,2025-02-20,Marketing expenses,REF93235260,426.24,0.0,69950.52
2025-02-21,2025-02-21,Payment from Customer_0052,REF80074647,0.0,71.23,70021.75
2025-02-21,2025-02-21,Service payment - Customer_0029,REF42598187,0.0,67.3,70089.05
2025-02-21,2025-02-21,Invoice payment - Customer_0023,REF28461162,0.0,135.2,70224.25
2025-02-21,2025-02-21,Service payment - Customer_0068,REF68021375,0.0,70.83,70295.08
2025-02-21,2025-02-21,Project payment - Customer_0016,REF43872967,0.0,10.0,70305.08
2025-02-21,2025-02-21,Marketing expenses,REF10340320,250.34,0.0,70054.74
2025-02-22,2025-02-22,Payment from Customer_0085,REF59349933,0.0,45.47,70100.21
2025-02-22,2025-02-22,Service payment - Customer_0028,REF11851778,0.0,43.08,70143.29
2025-02-22,2025-02-22,Professional Services expense,REF37810537,150.54,0.0,69992.75
2025-02-22,2025-02-22,Utility bill payment,REF74808167,142.79,0.0,69849.96
2025-02-22,2025-02-22,Service payment - Customer_0045,REF37748905,0.0,151.13,70001.09
2025-02-22,2025-02-22,Project payment - Customer_0082,REF18844502,0.0,28.02,70029.11
2025-02-22,2025-02-22,Project payment - Customer_0073,REF65876089,0.0,32.33,70061.44
2025-02-23,2025-02-23,Service payment - Customer_0000,REF79161816,0.0,135.2,70196.64
2025-02-23,2025-02-23,Payment from Customer_0064,REF87572355,0.0,113.66,70310.3
2025-02-23,2025-02-23,Project payment - Customer_0077,REF13642684,0.0,57.9,70368.2
2025-02-23,2025-02-23,Payment from Customer_0093,REF57482907,0.0,46.17,70414.37
2025-02-23,2025-02-23,Invoice payment - Customer_0041,REF76470042,0.0,89.82,70504.19
2025-02-23,2025-02-23,Payment from Customer_0012,REF99997897,0.0,150.26,70654.45
2025-02-23,2025-02-23,Marketing expenses,REF51730932,208.65,0.0,70445.8
2025-02-23,2025-02-23,Invoice payment - Customer_0091,REF99378243,0.0,78.45,70524.25
2025-02-23,2025-02-23,Service payment - Customer_0025,REF54442899,0.0,15.97,70540.22
2025-02-23,2025-02-23,Inventory purchase,REF23862984,3545.14,0.0,66995.08
2025-02-24,2025-02-24,Payment from Customer_0096,REF11076747,0.0,60.97,67056.05
2025-02-24,2025-02-24,Invoice payment - Customer_0056,REF17993651,0.0,81.23,67137.28
2025-02-24,2025-02-24,Project payment - Customer_0029,REF41114554,0.0,88.71,67225.99
2025-02-24,2025-02-24,Invoice payment - Customer_0091,REF28023397,0.0,64.72,67290.71
2025-02-24,2025-02-24,Payment from Customer_0071,REF49381935,0.0,125.48,67416.19
2025-02-24,2025-02-24,Service payment - Customer_0031,REF85984777,0.0,78.95,67495.14
2025-02-24,2025-02-24,Project payment - Customer_0048,REF55660657,0.0,110.3,67605.44
2025-02-24,2025-02-24,Project payment - Customer_0020,REF18115998,0.0,54.85,67660.29
2025-02-25,2025-02-25,Project payment - Customer_0097,REF79815227,0.0,51.65,67711.94
2025-02-25,2025-02-25,Payment from Customer_0023,REF58891093,0.0,75.64,67787.58
2025-02-25,2025-02-25,Project payment - Customer_0092,REF15913747,0.0,37.65,67825.23
2025-02-25,2025-02-25,Invoice payment - Customer_0050,REF10688726,0.0,87.22,67912.45
2025-02-25,2025-02-25,Payment from Customer_0047,REF56250480,0.0,92.64,68005.09
2025-02-25,2025-02-25,Project payment - Customer_0036,REF68432873,0.0,45.12,68050.21
2025-02-25,2025-02-25,Service payment - Customer_0017,REF90644339,0.0,56.16,68106.37
2025-02-25,2025-02-25,Service payment - Customer_0035,REF67991396,0.0,60.14,68166.51
2025-02-25,2025-02-25,Project payment - Customer_0034,REF71965357,0.0,143.64,68310.15
2025-02-25,2025-02-25,Project payment - Customer_0086,REF98919310,0.0,69.54,68379.69
2025-02-25,2025-02-25,Payment from Customer_0060,REF35316001,0.0,58.24,68437.93
2025-02-25,2025-02-25,Payment from Customer_0044,REF19688089,0.0,36.2,68474.13
2025-02-26,2025-02-26,Service payment - Customer_0005,REF88087884,0.0,38.44,68512.57
2025-02-26,2025-02-26,Payment from Customer_0006,REF14394845,0.0,49.64,68562.21
2025-02-26,2025-02-26,Payment from Customer_0064,REF62646065,0.0,115.22,68677.43
2025-02-26,2025-02-26,Invoice payment - Customer_0039,REF41847135,0.0,56.63,68734.06
2025-02-26,2025-02-26,Invoice payment - Customer_0050,REF14691463,0.0,143.73,68877.79
2025-02-26,2025-02-26,Project payment - Customer_0036,REF80336177,0.0,46.87,68924.66
2025-02-26,2025-02-26,Invoice payment - Customer_0028,REF49350100,0.0,43.12,68967.78
2025-02-26,2025-02-26,Payment from Customer_0077,REF27453206,0.0,65.82,69033.6
2025-02-26,2025-02-26,Invoice payment - Customer_0065,REF86107493,0.0,94.69,69128.29
2025-02-26,2025-02-26,Project payment - Customer_0044,REF61508189,0.0,41.73,69170.02
2025-02-26,2025-02-26,Inventory purchase,REF51789109,2402.83,0.0,66767.19
2025-02-27,2025-02-27,Service payment - Customer_0033,REF22811041,0.0,102.63,66869.82
2025-02-27,2025-02-27,Invoice payment - Customer_0008,REF63456913,0.0,69.71,66939.53
2025-02-27,2025-02-27,Pos Systems expense,REF81770985,57.84,0.0,66881.69
2025-02-27,2025-02-27,Project payment - Customer_0081,REF39163915,0.0,94.71,66976.4
2025-02-27,2025-02-27,Invoice payment - Customer_0018,REF98279832,0.0,109.98,67086.38
2025-02-27,2025-02-27,Invoice payment - Customer_0010,REF60490717,0.0,138.39,67224.77
2025-02-27,2025-02-27,Invoice payment - Customer_0096,REF24180603,0.0,45.04,67269.81
2025-02-27,2025-02-27,Project payment - Customer_0080,REF73532355,0.0,75.8,67345.61
2025-02-27,2025-02-27,Invoice payment - Customer_0012,REF88494747,0.0,116.94,67462.55
2025-02-27,2025-02-27,Project payment - Customer_0063,REF10239410,0.0,24.96,67487.51
2025-02-28,2025-02-28,Service payment - Customer_0073,REF79990975,0.0,36.43,67523.94
2025-02-28,2025-02-28,Service payment - Customer_0037,REF38157551,0.0,108.64,67632.58
2025-02-28,2025-02-28,Project payment - Customer_0045,REF60399120,0.0,139.08,67771.66
2025-02-28,2025-02-28,Service payment - Customer_0099,REF23141053,0.0,51.58,67823.24
2025-03-01,2025-03-01,Invoice payment - Customer_0042,REF21278989,0.0,35.21,67858.45
2025-03-01,2025-03-01,Project payment - Customer_0024,REF27278285,0.0,49.67,67908.12
2025-03-01,2025-03-01,Invoice payment - Customer_0071,REF63112740,0.0,161.6,68069.72
2025-03-01,2025-03-01,Project payment - Customer_0049,REF20637502,0.0,105.89,68175.61
2025-03-01,2025-03-01,Monthly office rent,REF39158735,1244.37,0.0,66931.24
2025-03-01,2025-03-01,Payment from Customer_0006,REF72827456,0.0,91.9,67023.14
2025-03-01,2025-03-01,Service payment - Customer_0017,REF37510216,0.0,88.8,67111.94
2025-03-01,2025-03-01,Project payment - Customer_0055,REF99351903,0.0,118.76,67230.7
2025-03-01,2025-03-01,Payment from Customer_0061,REF74442843,0.0,53.06,67283.76
2025-03-01,2025-03-01,Service payment - Customer_0084,REF28926629,0.0,100.41,67384.17
2025-03-01,2025-03-01,Payment from Customer_0041,REF99482744,0.0,114.51,67498.68
2025-03-01,2025-03-01,Invoice payment - Customer_0027,REF19291838,0.0,43.98,67542.66
2025-03-02,2025-03-02,Invoice payment - Customer_0045,REF94860849,0.0,168.07,67710.73
2025-03-02,2025-03-02,Project payment - Customer_0053,REF97542843,0.0,83.31,67794.04
2025-03-02,2025-03-02,Service payment - Customer_0031,REF14886083,0.0,74.31,67868.35
2025-03-02,2025-03-02,Invoice payment - Customer_0046,REF34893555,0.0,100.75,67969.1
2025-03-02,2025-03-02,Project payment - Customer_0093,REF38010163,0.0,61.06,68030.16
2025-03-02,2025-03-02,Service payment - Customer_0007,REF52376883,0.0,53.51,68083.67
2025-03-02,2025-03-02,Invoice payment - Customer_0001,REF22411101,0.0,90.06,68173.73
2025-03-03,2025-03-03,Invoice payment - Customer_0016,REF14207530,0.0,12.76,68186.49
2025-03-03,2025-03-03,Service payment - Customer_0040,REF65157802,0.0,61.96,68248.45
2025-03-03,2025-03-03,Invoice payment - Customer_0051,REF17676724,0.0,109.26,68357.71
2025-03-03,2025-03-03,Invoice payment - Customer_0075,REF74066209,0.0,99.86,68457.57
2025-03-03,2025-03-03,Payment from Customer_0070,REF94759765,0.0,28.52,68486.09
2025-03-03,2025-03-03,Service payment - Customer_0030,REF96842524,0.0,48.02,68534.11
2025-03-03,2025-03-03,Project payment - Customer_0089,REF37898490,0.0,112.35,68646.46
2025-03-03,2025-03-03,Invoice payment - Customer_0085,REF14169419,0.0,25.63,68672.09
2025-03-03,2025-03-03,Payment from Customer_0018,REF28363425,0.0,155.83,68827.92
2025-03-03,2025-03-03,Project payment - Customer_0036,REF30763901,0.0,54.36,68882.28
2025-03-03,2025-03-03,Payment from Customer_0032,REF83564331,0.0,78.3,68960.58
2025-03-03,2025-03-03,Payment from Customer_0011,REF43075528,0.0,58.05,69018.63
2025-03-03,2025-03-03,Payment from Customer_0055,REF34211080,0.0,114.09,69132.72
2025-03-03,2025-03-03,Invoice payment - Customer_0094,REF34038744,0.0,89.67,69222.39
2025-03-03,2025-03-03,Service payment - Customer_0027,REF93762612,0.0,31.53,69253.92
2025-03-04,2025-03-04,Invoice payment - Customer_0064,REF92423356,0.0,144.65,69398.57
2025-03-04,2025-03-04,Payment from Customer_0006,REF71438529,0.0,96.99,69495.56
2025-03-04,2025-03-04,Project payment - Customer_0097,REF62175190,0.0,45.4,69540.96
2025-03-04,2025-03-04,Project payment - Customer_0043,REF57567800,0.0,123.91,69664.87
2025-03-04,2025-03-04,Project payment - Customer_0017,REF11316610,0.0,104.47,69769.34
2025-03-04,2025-03-04,Payment from Customer_0046,REF48173552,0.0,104.35,69873.69
2025-03-04,2025-03-04,Service payment - Customer_0065,REF79352670,0.0,99.66,69973.35
2025-03-04,2025-03-04,Payment from Customer_0012,REF53189508,0.0,152.69,70126.04
2025-03-04,2025-03-04,Payment from Customer_0053,REF94645632,0.0,109.26,70235.3
2025-03-04,2025-03-04,Payment from Customer_0099,REF38248541,0.0,60.08,70295.38
2025-03-04,2025-03-04,Payment from Customer_0087,REF27407740,0.0,116.97,70412.35
2025-03-05,2025-03-05,Invoice payment - Customer_0012,REF37061129,0.0,149.23,70561.58
2025-03-05,2025-03-05,Invoice payment - Customer_0005,REF99187420,0.0,56.0,70617.58
2025-03-05,2025-03-05,Service payment - Customer_0062,REF32354188,0.0,51.66,70669.24
2025-03-05,2025-03-05,Invoice payment - Customer_0024,REF42424713,0.0,55.31,70724.55
2025-03-05,2025-03-05,Service payment - Customer_0042,REF34423346,0.0,29.13,70753.68
2025-03-05,2025-03-05,Payment from Customer_0020,REF30947637,0.0,84.57,70838.25
2025-03-05,2025-03-05,Project payment - Customer_0008,REF83990648,0.0,112.92,70951.17
2025-03-05,2025-03-05,Payment from Customer_0065,REF20483104,0.0,91.25,71042.42
2025-03-05,2025-03-05,Service payment - Customer_0072,REF17519030,0.0,57.51,71099.93
2025-03-05,2025-03-05,Service payment - Customer_0087,REF25358148,0.0,90.65,71190.58
2025-03-05,2025-03-05,Service payment - Customer_0059,REF38267757,0.0,10.0,71200.58
2025-03-05,2025-03-05,Payment from Customer_0094,REF44040650,0.0,84.67,71285.25
2025-03-05,2025-03-05,Project payment - Customer_0009,REF15473835,0.0,72.25,71357.5
2025-03-06,2025-03-06,Service payment - Customer_0027,REF78854891,0.0,35.43,71392.93
2025-03-06,2025-03-06,Invoice payment - Customer_0082,REF56488083,0.0,50.72,71443.65
2025-03-06,2025-03-06,Payment from Customer_0064,REF48264245,0.0,111.1,71554.75
2025-03-06,2025-03-06,Payment from Customer_0028,REF59070499,0.0,55.04,71609.79
2025-03-06,2025-03-06,Project payment - Customer_0063,REF48346067,0.0,45.78,71655.57
2025-03-06,2025-03-06,Invoice payment - Customer_0043,REF12357955,0.0,109.84,71765.41
2025-03-06,2025-03-06,Invoice payment - Customer_0059,REF70020302,0.0,11.52,71776.93
2025-03-07,2025-03-07,Payment from Customer_0083,REF90225762,0.0,74.53,71851.46
2025-03-07,2025-03-07,Invoice payment - Customer_0007,REF71001527,0.0,62.63,71914.09
2025-03-07,2025-03-07,Service payment - Customer_0025,REF23505418,0.0,15.96,71930.05
2025-03-07,2025-03-07,Project payment - Customer_0079,REF80562799,0.0,46.53,71976.58
2025-03-07,2025-03-07,Payment from Customer_0042,REF63032969,0.0,39.26,72015.84
2025-03-07,2025-03-07,Service payment - Customer_0035,REF46210530,0.0,80.7,72096.54
2025-03-07,2025-03-07,Payment from Customer_0040,REF86932823,0.0,61.53,72158.07
2025-03-08,2025-03-08,Service payment - Customer_0035,REF48274649,0.0,90.89,72248.96
2025-03-08,2025-03-08,Project payment - Customer_0067,REF12767649,0.0,50.65,72299.61
2025-03-08,2025-03-08,Invoice payment - Customer_0083,REF65613392,0.0,75.0,72374.61
2025-03-08,2025-03-08,Invoice payment - Customer_0014,REF46279507,0.0,11.45,72386.06
2025-03-08,2025-03-08,Service payment - Customer_0012,REF51278408,0.0,129.65,72515.71
2025-03-08,2025-03-08,Payment from Customer_0050,REF65485810,0.0,95.99,72611.7
2025-03-08,2025-03-08,Project payment - Customer_0032,REF29896563,0.0,79.4,72691.1
2025-03-09,2025-03-09,Inventory purchase,REF26014173,2502.28,0.0,70188.82
2025-03-09,2025-03-09,Payment from Customer_0093,REF27004643,0.0,58.75,70247.57
2025-03-09,2025-03-09,Service payment - Customer_0031,REF36959657,0.0,90.61,70338.18
2025-03-09,2025-03-09,Invoice payment - Customer_0041,REF62827983,0.0,139.85,70478.03
2025-03-09,2025-03-09,Payment from Customer_0025,REF71830099,0.0,18.1,70496.13
2025-03-09,2025-03-09,Payment from Customer_0013,REF49506799,0.0,60.61,70556.74
2025-03-09,2025-03-09,Project payment - Customer_0030,REF46513896,0.0,51.14,70607.88
2025-03-09,2025-03-09,Payment from Customer_0022,REF55135374,0.0,96.56,70704.44
2025-03-09,2025-03-09,Invoice payment - Customer_0032,REF11202521,0.0,89.87,70794.31
2025-03-09,2025-03-09,Payment from Customer_0048,REF33529286,0.0,112.95,70907.26
2025-03-09,2025-03-09,Payment from Customer_0072,REF83564243,0.0,49.46,70956.72
2025-03-09,2025-03-09,Service payment - Customer_0098,REF27452870,0.0,88.04,71044.76
2025-03-10,2025-03-10,Payment from Customer_0094,REF42379356,0.0,129.94,71174.7
2025-03-10,2025-03-10,Service payment - Customer_0075,REF63052829,0.0,97.15,71271.85
2025-03-10,2025-03-10,Project payment - Customer_0000,REF65671954,0.0,106.58,71378.43
2025-03-10,2025-03-10,Service payment - Customer_0071,REF11522638,0.0,214.07,71592.5
2025-03-10,2025-03-10,Invoice payment - Customer_0070,REF19046752,0.0,43.25,71635.75
2025-03-10,2025-03-10,Service payment - Customer_0020,REF55711751,0.0,68.32,71704.07
2025-03-11,2025-03-11,Project payment - Customer_0076,REF30631738,0.0,66.84,71770.91
2025-03-11,2025-03-11,Project payment - Customer_0049,REF78604305,0.0,78.3,71849.21
2025-03-11,2025-03-11,Invoice payment - Customer_0041,REF79480157,0.0,97.61,71946.82
2025-03-11,2025-03-11,Payment from Customer_0085,REF20279433,0.0,37.12,71983.94
2025-03-11,2025-03-11,Project payment - Customer_0069,REF81599736,0.0,83.58,72067.52
2025-03-11,2025-03-11,Project payment - Customer_0082,REF67422501,0.0,31.13,72098.65
2025-03-11,2025-03-11,Service payment - Customer_0022,REF96932133,0.0,130.76,72229.41
2025-03-12,2025-03-12,Payment from Customer_0088,REF32686664,0.0,80.03,72309.44
2025-03-12,2025-03-12,Payment from Customer_0075,REF51395329,0.0,102.54,72411.98
2025-03-12,2025-03-12,Service payment - Customer_0052,REF68040669,0.0,73.12,72485.1
2025-03-12,2025-03-12,Payment from Customer_0007,REF54165615,0.0,61.69,72546.79
2025-03-12,2025-03-12,Project payment - Customer_0047,REF23676997,0.0,93.49,72640.28
2025-03-12,2025-03-12,Invoice payment - Customer_0016,REF60432952,0.0,11.43,72651.71
2025-03-12,2025-03-12,Project payment - Customer_0081,REF58815142,0.0,103.14,72754.85
2025-03-12,2025-03-12,Project payment - Customer_0042,REF65839106,0.0,35.63,72790.48
2025-03-12,2025-03-12,Payment from Customer_0039,REF59184067,0.0,91.22,72881.7
2025-03-12,2025-03-12,Project payment - Customer_0036,REF41841485,0.0,52.71,72934.41
2025-03-12,2025-03-12,Payment from Customer_0035,REF17236850,0.0,78.54,73012.95
2025-03-12,2025-03-12,Payment from Customer_0077,REF52626548,0.0,91.45,73104.4
2025-03-12,2025-03-12,Project payment - Customer_0062,REF75006383,0.0,47.04,73151.44
2025-03-13,2025-03-13,Invoice payment - Customer_0028,REF17814613,0.0,49.84,73201.28
2025-03-13,2025-03-13,Invoice payment - Customer_0044,REF91122943,0.0,57.26,73258.54
2025-03-13,2025-03-13,Project payment - Customer_0003,REF78099233,0.0,72.28,73330.82
2025-03-13,2025-03-13,Invoice payment - Customer_0059,REF29958180,0.0,10.05,73340.87
2025-03-13,2025-03-13,Payment from Customer_0007,REF21308838,0.0,56.73,73397.6
2025-03-13,2025-03-13,Project payment - Customer_0071,REF27086932,0.0,200.77,73598.37
2025-03-13,2025-03-13,Payment from Customer_0087,REF30363261,0.0,97.21,73695.58
2025-03-13,2025-03-13,Project payment - Customer_0012,REF70733563,0.0,118.31,73813.89
2025-03-13,2025-03-13,Invoice payment - Customer_0040,REF79013252,0.0,46.03,73859.92
2025-03-13,2025-03-13,Service payment - Customer_0069,REF83614502,0.0,78.71,73938.63
2025-03-13,2025-03-13,Service payment - Customer_0085,REF70333776,0.0,32.52,73971.15
2025-03-13,2025-03-13,Service payment - Customer_0032,REF55301844,0.0,68.86,74040.01
2025-03-14,2025-03-14,Payment from Customer_0046,REF16252231,0.0,132.66,74172.67
2025-03-14,2025-03-14,Service payment - Customer_0067,REF60937315,0.0,55.6,74228.27
2025-03-14,2025-03-14,Project payment - Customer_0061,REF40829332,0.0,66.85,74295.12
2025-03-14,2025-03-14,Invoice payment - Customer_0072,REF29460733,0.0,52.52,74347.64
2025-03-14,2025-03-14,Service payment - Customer_0017,REF60790155,0.0,78.53,74426.17
2025-03-14,2025-03-14,Invoice payment - Customer_0013,REF83854008,0.0,89.02,74515.19
2025-03-14,2025-03-14,Invoice payment - Customer_0098,REF86905674,0.0,63.04,74578.23
2025-03-14,2025-03-14,Project payment - Customer_0006,REF71615894,0.0,75.54,74653.77
2025-03-14,2025-03-14,Invoice payment - Customer_0049,REF29661674,0.0,105.8,74759.57
2025-03-14,2025-03-14,Project payment - Customer_0023,REF52513095,0.0,121.7,74881.27
2025-03-14,2025-03-14,Project payment - Customer_0051,REF55502534,0.0,92.99,74974.26
2025-03-14,2025-03-14,Invoice payment - Customer_0014,REF72536846,0.0,10.0,74984.26
2025-03-15,2025-03-15,Service payment - Customer_0074,REF83099190,0.0,33.67,75017.93
2025-03-15,2025-03-15,Invoice payment - Customer_0039,REF41880464,0.0,65.56,75083.49
2025-03-15,2025-03-15,Invoice payment - Customer_0057,REF16163003,0.0,89.71,75173.2
2025-03-15,2025-03-15,Project payment - Customer_0055,REF39969185,0.0,117.83,75291.03
2025-03-15,2025-03-15,Invoice payment - Customer_0017,REF15105038,0.0,85.09,75376.12
2025-03-15,2025-03-15,Project payment - Customer_0005,REF89844632,0.0,40.84,75416.96
2025-03-15,2025-03-15,Service payment - Customer_0088,REF14042800,0.0,82.01,75498.97
2025-03-15,2025-03-15,Business insurance premium,REF13298379,190.51,0.0,75308.46
2025-03-15,2025-03-15,Service payment - Customer_0058,REF16162797,0.0,69.29,75377.75
2025-03-15,2025-03-15,Project payment - Customer_0004,REF57186512,0.0,90.79,75468.54
2025-03-16,2025-03-16,Invoice payment - Customer_0041,REF63396069,0.0,133.67,75602.21
2025-03-16,2025-03-16,Payment from Customer_0086,REF16803216,0.0,81.2,75683.41
2025-03-16,2025-03-16,Project payment - Customer_0009,REF72395758,0.0,66.2,75749.61
2025-03-16,2025-03-16,Project payment - Customer_0030,REF17583497,0.0,38.22,75787.83
2025-03-16,2025-03-16,Invoice payment - Customer_0067,REF57938465,0.0,65.3,75853.13
2025-03-16,2025-03-16,Project payment - Customer_0032,REF70783794,0.0,58.05,75911.18
2025-03-16,2025-03-16,Payment from Customer_0015,REF62174724,0.0,33.39,75944.57
2025-03-16,2025-03-16,Service payment - Customer_0019,REF32114881,0.0,56.53,76001.1
2025-03-17,2025-03-17,Project payment - Customer_0066,REF46019634,0.0,87.3,76088.4
2025-03-17,2025-03-17,Service payment - Customer_0084,REF33116092,0.0,133.89,76222.29
2025-03-17,2025-03-17,Service payment - Customer_0052,REF61370562,0.0,66.49,76288.78
2025-03-17,2025-03-17,Invoice payment - Customer_0006,REF97541655,0.0,66.71,76355.49
2025-03-17,2025-03-17,Service payment - Customer_0054,REF24342061,0.0,110.65,76466.14
2025-03-17,2025-03-17,Service payment - Customer_0064,REF50159762,0.0,98.4,76564.54
2025-03-17,2025-03-17,Service payment - Customer_0077,REF18536779,0.0,79.83,76644.37
2025-03-18,2025-03-18,Service payment - Customer_0028,REF14320078,0.0,39.04,76683.41
2025-03-18,2025-03-18,Project payment - Customer_0088,REF14690340,0.0,60.45,76743.86
2025-03-18,2025-03-18,Service payment - Customer_0082,REF75636724,0.0,30.03,76773.89
2025-03-18,2025-03-18,Service payment - Customer_0047,REF67353141,0.0,93.64,76867.53
2025-03-18,2025-03-18,Invoice payment - Customer_0055,REF27743054,0.0,86.23,76953.76
2025-03-18,2025-03-18,Project payment - Customer_0017,REF88673767,0.0,108.4,77062.16
2025-03-18,2025-03-18,Payment from Customer_0072,REF10675493,0.0,57.05,77119.21
2025-03-18,2025-03-18,Invoice payment - Customer_0002,REF30468300,0.0,92.37,77211.58
2025-03-18,2025-03-18,Project payment - Customer_0075,REF67108775,0.0,106.42,77318.0
2025-03-18,2025-03-18,Invoice payment - Customer_0000,REF81477811,0.0,151.19,77469.19
2025-03-19,2025-03-19,Service payment - Customer_0016,REF52801333,0.0,10.0,77479.19
2025-03-19,2025-03-19,Invoice payment - Customer_0040,REF50646659,0.0,63.08,77542.27
2025-03-19,2025-03-19,Service payment - Customer_0084,REF10454311,0.0,140.67,77682.94
2025-03-19,2025-03-19,Service payment - Customer_0074,REF85770751,0.0,24.62,77707.56
2025-03-19,2025-03-19,Invoice payment - Customer_0045,REF62563721,0.0,222.82,77930.38
2025-03-19,2025-03-19,Invoice payment - Customer_0008,REF11462887,0.0,79.1,78009.48
2025-03-19,2025-03-19,Invoice payment - Customer_0053,REF85742780,0.0,87.27,78096.75
2025-03-20,2025-03-20,Payment from Customer_0020,REF89571979,0.0,81.22,78177.97
2025-03-20,2025-03-20,Service payment - Customer_0094,REF74347523,0.0,119.33,78297.3
2025-03-20,2025-03-20,Service payment - Customer_0078,REF49779099,0.0,40.94,78338.24
2025-03-20,2025-03-20,Project payment - Customer_0011,REF27588409,0.0,51.91,78390.15
2025-03-20,2025-03-20,Payment from Customer_0071,REF89821806,0.0,219.7,78609.85
2025-03-20,2025-03-20,Payment from Customer_0033,REF31632805,0.0,133.67,78743.52
2025-03-20,2025-03-20,Invoice payment - Customer_0086,REF53643604,0.0,90.66,78834.18
2025-03-20,2025-03-20,Project payment - Customer_0097,REF66064118,0.0,45.69,78879.87
2025-03-20,2025-03-20,Service payment - Customer_0026,REF52692715,0.0,37.93,78917.8
2025-03-20,2025-03-20,Invoice payment - Customer_0074,REF42841748,0.0,29.67,78947.47
2025-03-21,2025-03-21,Service payment - Customer_0084,REF73471493,0.0,123.17,79070.64
2025-03-21,2025-03-21,Service payment - Customer_0057,REF29722748,0.0,99.62,79170.26
2025-03-21,2025-03-21,Service payment - Customer_0082,REF74234280,0.0,41.63,79211.89
2025-03-21,2025-03-21,Service payment - Customer_0096,REF87291925,0.0,70.43,79282.32
2025-03-21,2025-03-21,Project payment - Customer_0031,REF94434407,0.0,88.94,79371.26
2025-03-21,2025-03-21,Pos Systems expense,REF55692190,57.62,0.0,79313.64
2025-03-21,2025-03-21,Invoice payment - Customer_0009,REF84876588,0.0,72.79,79386.43
2025-03-21,2025-03-21,Payment from Customer_0067,REF19912670,0.0,48.41,79434.84
2025-03-21,2025-03-21,Invoice payment - Customer_0068,REF62675492,0.0,71.23,79506.07
2025-03-22,2025-03-22,Service payment - Customer_0058,REF92129895,0.0,51.46,79557.53
2025-03-22,2025-03-22,Invoice payment - Customer_0057,REF26777913,0.0,119.44,79676.97
2025-03-22,2025-03-22,Utility bill payment,REF26082695,155.06,0.0,79521.91
2025-03-22,2025-03-22,Invoice payment - Customer_0033,REF31893786,0.0,113.38,79635.29
2025-03-22,2025-03-22,Invoice payment - Customer_0087,REF66713082,0.0,134.24,79769.53
2025-03-22,2025-03-22,Project payment - Customer_0067,REF49515843,0.0,63.61,79833.14
2025-03-22,2025-03-22,Project payment - Customer_0060,REF93720188,0.0,59.03,79892.17
2025-03-22,2025-03-22,Project payment - Customer_0049,REF16489230,0.0,121.77,80013.94
2025-03-23,2025-03-23,Invoice payment - Customer_0068,REF97496625,0.0,88.77,80102.71
2025-03-23,2025-03-23,Payment from Customer_0014,REF29728562,0.0,10.18,80112.89
2025-03-23,2025-03-23,Invoice payment - Customer_0002,REF76128173,0.0,96.61,80209.5
2025-03-23,2025-03-23,Service payment - Customer_0061,REF20206752,0.0,67.25,80276.75
2025-03-23,2025-03-23,Project payment - Customer_0099,REF68452120,0.0,69.17,80345.92
2025-03-23,2025-03-23,Invoice payment - Customer_0020,REF21301603,0.0,67.87,80413.79
2025-03-23,2025-03-23,Service payment - Customer_0083,REF29778516,0.0,60.88,80474.67
2025-03-23,2025-03-23,Project payment - Customer_0016,REF94012152,0.0,14.78,80489.45
2025-03-23,2025-03-23,Invoice payment - Customer_0048,REF24035659,0.0,118.9,80608.35
2025-03-24,2025-03-24,Payment from Customer_0003,REF55560337,0.0,48.69,80657.04
2025-03-24,2025-03-24,Project payment - Customer_0085,REF89074069,0.0,46.1,80703.14
2025-03-24,2025-03-24,Inventory purchase,REF34719915,4000.59,0.0,76702.55
2025-03-24,2025-03-24,Project payment - Customer_0080,REF96924921,0.0,134.4,76836.95
2025-03-24,2025-03-24,Payment from Customer_0034,REF59401903,0.0,156.03,76992.98
2025-03-24,2025-03-24,Payment from Customer_0093,REF87633862,0.0,56.5,77049.48
2025-03-24,2025-03-24,Invoice payment - Customer_0031,REF36878736,0.0,81.29,77130.77
2025-03-24,2025-03-24,Payment from Customer_0058,REF52565685,0.0,40.5,77171.27
2025-03-25,2025-03-25,Service payment - Customer_0030,REF54494790,0.0,64.32,77235.59
2025-03-25,2025-03-25,Invoice payment - Customer_0008,REF10023413,0.0,85.08,77320.67
2025-03-25,2025-03-25,Payment from Customer_0031,REF89969132,0.0,64.2,77384.87
2025-03-25,2025-03-25,Invoice payment - Customer_0038,REF51406312,0.0,80.87,77465.74
2025-03-25,2025-03-25,Invoice payment - Customer_0068,REF76979400,0.0,87.43,77553.17
2025-03-25,2025-03-25,Project payment - Customer_0027,REF34125307,0.0,43.63,77596.8
2025-03-25,2025-03-25,Payment from Customer_0078,REF22655996,0.0,44.26,77641.06
2025-03-25,2025-03-25,Service payment - Customer_0050,REF65466082,0.0,90.92,77731.98
2025-03-25,2025-03-25,Invoice payment - Customer_0010,REF17614584,0.0,151.12,77883.1
2025-03-25,2025-03-25,Project payment - Customer_0026,REF25657123,0.0,31.0,77914.1
2025-03-25,2025-03-25,Invoice payment - Customer_0052,REF81309310,0.0,111.63,78025.73
2025-03-25,2025-03-25,Service payment - Customer_0094,REF18934318,0.0,103.0,78128.73
2025-03-25,2025-03-25,Service payment - Customer_0074,REF15932695,0.0,39.42,78168.15
2025-03-26,2025-03-26,Packaging Shipping expense,REF91894288,45.01,0.0,78123.14
2025-03-26,2025-03-26,Project payment - Customer_0073,REF24594334,0.0,32.92,78156.06
2025-03-26,2025-03-26,Payment from Customer_0046,REF93240827,0.0,111.86,78267.92
2025-03-26,2025-03-26,Professional Services expense,REF11789433,153.02,0.0,78114.9
2025-03-26,2025-03-26,Payment from Customer_0014,REF23410213,0.0,10.0,78124.9
2025-03-26,2025-03-26,Payment from Customer_0086,REF98300519,0.0,88.91,78213.81
2025-03-27,2025-03-27,Project payment - Customer_0056,REF40709594,0.0,93.79,78307.6
2025-03-27,2025-03-27,Project payment - Customer_0071,REF63610636,0.0,207.13,78514.73
2025-03-27,2025-03-27,Payment from Customer_0063,REF20063368,0.0,48.73,78563.46
2025-03-27,2025-03-27,Invoice payment - Customer_0051,REF37912156,0.0,97.25,78660.71
2025-03-27,2025-03-27,Payment from Customer_0007,REF85810921,0.0,60.22,78720.93
2025-03-27,2025-03-27,Service payment - Customer_0057,REF63988358,0.0,113.99,78834.92
2025-03-27,2025-03-27,Payment from Customer_0036,REF21622139,0.0,39.34,78874.26
2025-03-27,2025-03-27,Project payment - Customer_0039,REF65567465,0.0,65.3,78939.56
2025-03-27,2025-03-27,Service payment - Customer_0048,REF46719589,0.0,86.59,79026.15
2025-03-27,2025-03-27,Project payment - Customer_0037,REF24686293,0.0,91.37,79117.52
2025-03-27,2025-03-27,Service payment - Customer_0092,REF76440218,0.0,38.44,79155.96
2025-03-28,2025-03-28,Invoice payment - Customer_0099,REF32254611,0.0,38.24,79194.2
2025-03-28,2025-03-28,Payment from Customer_0014,REF56479511,0.0,11.8,79206.0
2025-03-28,2025-03-28,Invoice payment - Customer_0013,REF83283242,0.0,80.28,79286.28
2025-03-28,2025-03-28,Project payment - Customer_0087,REF79506658,0.0,117.02,79403.3
2025-03-28,2025-03-28,Invoice payment - Customer_0024,REF94400666,0.0,53.8,79457.1
2025-03-28,2025-03-28,Invoice payment - Customer_0064,REF34659414,0.0,149.3,79606.4
2025-03-28,2025-03-28,Project payment - Customer_0017,REF58411375,0.0,105.55,79711.95
2025-03-28,2025-03-28,Invoice payment - Customer_0094,REF33342923,0.0,137.99,79849.94
2025-03-29,2025-03-29,Payment from Customer_0064,REF58516023,0.0,161.45,80011.39
2025-03-29,2025-03-29,Inventory purchase,REF94908274,2706.66,0.0,77304.73
2025-03-29,2025-03-29,Service payment - Customer_0051,REF33435543,0.0,105.52,77410.25
2025-03-29,2025-03-29,Service payment - Customer_0044,REF92983619,0.0,65.07,77475.32
2025-03-29,2025-03-29,Payment from Customer_0068,REF14911897,0.0,70.66,77545.98
2025-03-29,2025-03-29,Invoice payment - Customer_0014,REF67650720,0.0,10.0,77555.98
2025-03-29,2025-03-29,Payment from Customer_0057,REF37808570,0.0,101.98,77657.96
2025-03-29,2025-03-29,Service payment - Customer_0004,REF92415502,0.0,116.04,77774.0
2025-03-29,2025-03-29,Pos Systems expense,REF94068647,11.26,0.0,77762.74
2025-03-29,2025-03-29,Payment from Customer_0052,REF59902671,0.0,73.63,77836.37
2025-03-29,2025-03-29,Payment from Customer_0059,REF40746065,0.0,10.0,77846.37
2025-03-29,2025-03-29,Payment from Customer_0084,REF15476138,0.0,101.69,77948.06
2025-03-29,2025-03-29,Invoice payment - Customer_0070,REF30702800,0.0,34.31,77982.37
2025-03-30,2025-03-30,Payment from Customer_0035,REF85788336,0.0,96.59,78078.96
2025-03-30,2025-03-30,Service payment - Customer_0012,REF86831920,0.0,132.14,78211.1
2025-03-30,2025-03-30,Payment from Customer_0032,REF61697035,0.0,67.63,78278.73
2025-03-30,2025-03-30,Invoice payment - Customer_0036,REF70007296,0.0,49.16,78327.89
2025-03-30,2025-03-30,Invoice payment - Customer_0021,REF43944389,0.0,60.2,78388.09
2025-03-30,2025-03-30,Project payment - Customer_0063,REF38176061,0.0,47.57,78435.66
2025-03-30,2025-03-30,Service payment - Customer_0070,REF17293114,0.0,31.59,78467.25
2025-03-30,2025-03-30,Project payment - Customer_0013,REF62568034,0.0,102.68,78569.93
2025-03-30,2025-03-30,Payment from Customer_0038,REF57603156,0.0,120.32,78690.25
2025-03-30,2025-03-30,Invoice payment - Customer_0073,REF47456517,0.0,45.7,78735.95
2025-03-30,2025-03-30,Payment from Customer_0083,REF98289523,0.0,55.56,78791.51
2025-03-30,2025-03-30,Service payment - Customer_0033,REF23893948,0.0,134.13,78925.64
2025-03-31,2025-03-31,Invoice payment - Customer_0088,REF27280248,0.0,72.73,78998.37
2025-03-31,2025-03-31,Invoice payment - Customer_0072,REF76296726,0.0,64.25,79062.62
2025-03-31,2025-03-31,Service payment - Customer_0060,REF42225882,0.0,62.15,79124.77
2025-03-31,2025-03-31,Service payment - Customer_0082,REF23429525,0.0,44.13,79168.9
2025-03-31,2025-03-31,Invoice payment - Customer_0073,REF73223024,0.0,36.08,79204.98
2025-03-31,2025-03-31,Payment from Customer_0001,REF82625180,0.0,98.93,79303.91
2025-03-31,2025-03-31,Service payment - Customer_0051,REF35922437,0.0,75.83,79379.74
2025-04-01,2025-04-01,Monthly office rent,REF19943805,1286.95,0.0,78092.79
2025-04-01,2025-04-01,Service payment - Customer_0044,REF89600815,0.0,47.51,78140.3
2025-04-01,2025-04-01,Service payment - Customer_0027,REF72579627,0.0,49.95,78190.25
2025-04-01,2025-04-01,Invoice payment - Customer_0031,REF77685828,0.0,67.18,78257.43
2025-04-01,2025-04-01,Service payment - Customer_0063,REF89897941,0.0,46.98,78304.41
2025-04-01,2025-04-01,Service payment - Customer_0094,REF89704419,0.0,136.24,78440.65
2025-04-02,2025-04-02,Payment from Customer_0086,REF18228415,0.0,84.86,78525.51
2025-04-02,2025-04-02,Project payment - Customer_0056,REF55925972,0.0,103.86,78629.37
2025-04-02,2025-04-02,Project payment - Customer_0025,REF73224509,0.0,16.23,78645.6
2025-04-02,2025-04-02,Service payment - Customer_0071,REF45924814,0.0,185.17,78830.77
2025-04-02,2025-04-02,Invoice payment - Customer_0079,REF97500784,0.0,54.99,78885.76
2025-04-02,2025-04-02,Invoice payment - Customer_0065,REF91792281,0.0,81.72,78967.48
2025-04-03,2025-04-03,Service payment - Customer_0088,REF89649602,0.0,84.61,79052.09
2025-04-03,2025-04-03,Service payment - Customer_0059,REF63087687,0.0,10.0,79062.09
2025-04-03,2025-04-03,Service payment - Customer_0062,REF86936144,0.0,62.87,79124.96
2025-04-03,2025-04-03,Payment from Customer_0029,REF72146413,0.0,89.06,79214.02
2025-04-03,2025-04-03,Inventory purchase,REF54069883,1772.36,0.0,77441.66
2025-04-03,2025-04-03,Payment from Customer_0086,REF56638811,0.0,69.66,77511.32
2025-04-03,2025-04-03,Project payment - Customer_0067,REF58105385,0.0,54.0,77565.32
2025-04-03,2025-04-03,Invoice payment - Customer_0032,REF51591199,0.0,66.7,77632.02
2025-04-03,2025-04-03,Service payment - Customer_0042,REF35150687,0.0,34.37,77666.39
2025-04-04,2025-04-04,Invoice payment - Customer_0062,REF37598778,0.0,65.96,77732.35
2025-04-04,2025-04-04,Project payment - Customer_0030,REF40098338,0.0,49.12,77781.47
2025-04-04,2025-04-04,Service payment - Customer_0064,REF23145168,0.0,121.58,77903.05
2025-04-04,2025-04-04,Project payment - Customer_0084,REF40594571,0.0,145.37,78048.42
2025-04-04,2025-04-04,Invoice payment - Customer_0019,REF52303877,0.0,48.78,78097.2
2025-04-04,2025-04-04,Service payment - Customer_0000,REF72974353,0.0,180.42,78277.62
2025-04-04,2025-04-04,Service payment - Customer_0028,REF78128264,0.0,47.22,78324.84
2025-04-04,2025-04-04,Service payment - Customer_0070,REF34074369,0.0,53.63,78378.47
2025-04-04,2025-04-04,Payment from Customer_0054,REF31665598,0.0,106.38,78484.85
2025-04-04,2025-04-04,Invoice payment - Customer_0034,REF13314377,0.0,137.64,78622.49
2025-04-04,2025-04-04,Project payment - Customer_0053,REF95967371,0.0,99.83,78722.32
2025-04-04,2025-04-04,Service payment - Customer_0042,REF59740631,0.0,30.9,78753.22
2025-04-04,2025-04-04,Service payment - Customer_0026,REF21670884,0.0,35.64,78788.86
2025-04-04,2025-04-04,Payment from Customer_0017,REF19999195,0.0,75.85,78864.71
2025-04-05,2025-04-05,Project payment - Customer_0010,REF27293020,0.0,151.1,79015.81
2025-04-05,2025-04-05,Invoice payment - Customer_0043,REF54474186,0.0,103.97,79119.78
2025-04-05,2025-04-05,Payment from Customer_0007,REF29370751,0.0,65.49,79185.27
2025-04-05,2025-04-05,Payment from Customer_0020,REF65850307,0.0,62.15,79247.42
2025-04-05,2025-04-05,Invoice payment - Customer_0044,REF83000787,0.0,43.97,79291.39
2025-04-05,2025-04-05,Payment from Customer_0045,REF48831475,0.0,175.84,79467.23
2025-04-05,2025-04-05,Project payment - Customer_0027,REF40430992,0.0,39.0,79506.23
2025-04-05,2025-04-05,Project payment - Customer_0046,REF59379418,0.0,112.03,79618.26
2025-04-06,2025-04-06,Invoice payment - Customer_0036,REF54874130,0.0,33.97,79652.23
2025-04-06,2025-04-06,Project payment - Customer_0055,REF84834700,0.0,110.86,79763.09
2025-04-06,2025-04-06,Invoice payment - Customer_0042,REF82264183,0.0,30.74,79793.83
2025-04-06,2025-04-06,Project payment - Customer_0089,REF96103283,0.0,121.4,79915.23
2025-04-06,2025-04-06,Service payment - Customer_0016,REF99762485,0.0,15.2,79930.43
2025-04-06,2025-04-06,Project payment - Customer_0051,REF43413981,0.0,87.64,80018.07
2025-04-06,2025-04-06,Invoice payment - Customer_0090,REF13528589,0.0,75.08,80093.15
2025-04-06,2025-04-06,Invoice payment - Customer_0083,REF39670484,0.0,87.53,80180.68
2025-04-06,2025-04-06,Project payment - Customer_0023,REF46003017,0.0,131.72,80312.4
2025-04-06,2025-04-06,Invoice payment - Customer_0061,REF17774219,0.0,53.43,80365.83
2025-04-06,2025-04-06,Invoice payment - Customer_0011,REF38887861,0.0,65.71,80431.54
2025-04-06,2025-04-06,Service payment - Customer_0039,REF94468303,0.0,59.37,80490.91
2025-04-07,2025-04-07,Service payment - Customer_0028,REF27311416,0.0,51.7,80542.61
2025-04-07,2025-04-07,Project payment - Customer_0000,REF81356344,0.0,166.8,80709.41
2025-04-07,2025-04-07,Invoice payment - Customer_0097,REF79986777,0.0,37.3,80746.71
2025-04-07,2025-04-07,Invoice payment - Customer_0020,REF98738993,0.0,76.11,80822.82
2025-04-07,2025-04-07,Invoice payment - Customer_0096,REF90955427,0.0,61.35,80884.17
2025-04-07,2025-04-07,Invoice payment - Customer_0017,REF10988026,0.0,73.36,80957.53
2025-04-08,2025-04-08,Pos Systems expense,REF65072119,46.64,0.0,80910.89
2025-04-08,2025-04-08,Service payment - Customer_0033,REF35396683,0.0,103.39,81014.28
2025-04-08,2025-04-08,Invoice payment - Customer_0083,REF81819813,0.0,67.95,81082.23
2025-04-08,2025-04-08,Service payment - Customer_0059,REF66788223,0.0,11.42,81093.65
2025-04-08,2025-04-08,Invoice payment - Customer_0031,REF91057461,0.0,95.06,81188.71
2025-04-08,2025-04-08,Project payment - Customer_0068,REF29240888,0.0,118.25,81306.96
2025-04-08,2025-04-08,Invoice payment - Customer_0063,REF50850998,0.0,47.41,81354.37
2025-04-08,2025-04-08,Service payment - Customer_0051,REF17958697,0.0,83.01,81437.38
2025-04-09,2025-04-09,Invoice payment - Customer_0007,REF11334694,0.0,65.58,81502.96
2025-04-09,2025-04-09,Service payment - Customer_0070,REF36821153,0.0,43.21,81546.17
2025-04-09,2025-04-09,Service payment - Customer_0098,REF92709674,0.0,74.64,81620.81
2025-04-09,2025-04-09,Service payment - Customer_0033,REF43037225,0.0,111.44,81732.25
2025-04-09,2025-04-09,Project payment - Customer_0021,REF82879863,0.0,109.36,81841.61
2025-04-09,2025-04-09,Project payment - Customer_0000,REF94633840,0.0,162.1,82003.71
2025-04-10,2025-04-10,Pos Systems expense,REF25973054,57.13,0.0,81946.58
2025-04-10,2025-04-10,Project payment - Customer_0023,REF16393346,0.0,149.79,82096.37
2025-04-10,2025-04-10,Payment from Customer_0019,REF69725370,0.0,53.67,82150.04
2025-04-10,2025-04-10,Invoice payment - Customer_0009,REF34606626,0.0,66.74,82216.78
2025-04-10,2025-04-10,Service payment - Customer_0010,REF75495645,0.0,106.39,82323.17
2025-04-10,2025-04-10,Project payment - Customer_0074,REF65902112,0.0,30.98,82354.15
2025-04-10,2025-04-10,Invoice payment - Customer_0069,REF44405861,0.0,82.37,82436.52
2025-04-10,2025-04-10,Project payment - Customer_0006,REF44945937,0.0,76.55,82513.07
2025-04-10,2025-04-10,Invoice payment - Customer_0004,REF60589534,0.0,92.24,82605.31
2025-04-10,2025-04-10,Project payment - Customer_0061,REF68391049,0.0,58.98,82664.29
2025-04-10,2025-04-10,Project payment - Customer_0055,REF85855747,0.0,114.8,82779.09
2025-04-11,2025-04-11,Payment from Customer_0024,REF71822386,0.0,58.44,82837.53
2025-04-11,2025-04-11,Service payment - Customer_0079,REF59230681,0.0,53.64,82891.17
2025-04-11,2025-04-11,Invoice payment - Customer_0028,REF22169629,0.0,52.06,82943.23
2025-04-11,2025-04-11,Invoice payment - Customer_0087,REF57367877,0.0,84.97,83028.2
2025-04-11,2025-04-11,Payment from Customer_0003,REF81399069,0.0,63.68,83091.88
2025-04-11,2025-04-11,Invoice payment - Customer_0073,REF10835559,0.0,40.99,83132.87
2025-04-11,2025-04-11,Invoice payment - Customer_0060,REF92732616,0.0,52.53,83185.4
2025-04-11,2025-04-11,Project payment - Customer_0018,REF64531207,0.0,145.93,83331.33
2025-04-11,2025-04-11,Invoice payment - Customer_0023,REF62665215,0.0,152.46,83483.79
2025-04-11,2025-04-11,Project payment - Customer_0053,REF54551858,0.0,95.81,83579.6
2025-04-11,2025-04-11,Service payment - Customer_0061,REF48723467,0.0,46.48,83626.08
2025-04-11,2025-04-11,Payment from Customer_0044,REF48744860,0.0,53.56,83679.64
2025-04-12,2025-04-12,Service payment - Customer_0018,REF54704409,0.0,148.71,83828.35
2025-04-12,2025-04-12,Invoice payment - Customer_0025,REF12095919,0.0,16.88,83845.23
2025-04-12,2025-04-12,Service payment - Customer_0000,REF29379244,0.0,117.39,83962.62
2025-04-12,2025-04-12,Service payment - Customer_0096,REF46078316,0.0,60.22,84022.84
2025-04-12,2025-04-12,Payment from Customer_0039,REF20934976,0.0,81.66,84104.5
2025-04-12,2025-04-12,Service payment - Customer_0052,REF76682010,0.0,61.22,84165.72
2025-04-12,2025-04-12,Payment from Customer_0073,REF56758543,0.0,36.53,84202.25
2025-04-12,2025-04-12,Payment from Customer_0053,REF15144606,0.0,130.79,84333.04
2025-04-12,2025-04-12,Payment from Customer_0064,REF19661274,0.0,118.01,84451.05
2025-04-12,2025-04-12,Service payment - Customer_0026,REF60710146,0.0,33.5,84484.55
2025-04-12,2025-04-12,Invoice payment - Customer_0016,REF91012109,0.0,10.67,84495.22
2025-04-12,2025-04-12,Service payment - Customer_0036,REF17058919,0.0,41.86,84537.08
2025-04-12,2025-04-12,Payment from Customer_0074,REF66263348,0.0,30.85,84567.93
2025-04-12,2025-04-12,Payment from Customer_0038,REF82294622,0.0,91.16,84659.09
2025-04-13,2025-04-13,Payment from Customer_0098,REF73912785,0.0,70.44,84729.53
2025-04-13,2025-04-13,Service payment - Customer_0032,REF81048668,0.0,79.04,84808.57
2025-04-13,2025-04-13,Service payment - Customer_0041,REF80658193,0.0,109.3,84917.87
2025-04-13,2025-04-13,Project payment - Customer_0079,REF42282077,0.0,44.02,84961.89
2025-04-13,2025-04-13,Project payment - Customer_0065,REF68815457,0.0,92.04,85053.93
2025-04-13,2025-04-13,Invoice payment - Customer_0027,REF52613320,0.0,50.5,85104.43
2025-04-13,2025-04-13,Project payment - Customer_0062,REF84585643,0.0,66.01,85170.44
2025-04-13,2025-04-13,Project payment - Customer_0057,REF48612676,0.0,116.61,85287.05
2025-04-13,2025-04-13,Invoice payment - Customer_0043,REF57482154,0.0,120.49,85407.54
2025-04-13,2025-04-13,Project payment - Customer_0086,REF59810050,0.0,80.53,85488.07
2025-04-14,2025-04-14,Project payment - Customer_0074,REF71658346,0.0,32.51,85520.58
2025-04-14,2025-04-14,Project payment - Customer_0037,REF35296503,0.0,113.42,85634.0
2025-04-14,2025-04-14,Project payment - Customer_0059,REF86431436,0.0,11.85,85645.85
2025-04-14,2025-04-14,Service payment - Customer_0073,REF24182723,0.0,50.38,85696.23
2025-04-14,2025-04-14,Project payment - Customer_0081,REF75374643,0.0,91.33,85787.56
2025-04-14,2025-04-14,Project payment - Customer_0097,REF52918511,0.0,41.21,85828.77
2025-04-14,2025-04-14,Payment from Customer_0080,REF23318798,0.0,177.97,86006.74
2025-04-14,2025-04-14,Payment from Customer_0092,REF40421928,0.0,55.74,86062.48
2025-04-14,2025-04-14,Project payment - Customer_0022,REF21577684,0.0,161.44,86223.92
2025-04-14,2025-04-14,Payment from Customer_0089,REF78493791,0.0,62.83,86286.75
2025-04-14,2025-04-14,Payment from Customer_0048,REF23969557,0.0,98.73,86385.48
2025-04-14,2025-04-14,Service payment - Customer_0085,REF69621297,0.0,39.09,86424.57
2025-04-15,2025-04-15,Invoice payment - Customer_0027,REF20996268,0.0,48.81,86473.38
2025-04-15,2025-04-15,Project payment - Customer_0030,REF49111938,0.0,48.11,86521.49
2025-04-15,2025-04-15,Invoice payment - Customer_0013,REF13537040,0.0,105.63,86627.12
2025-04-15,2025-04-15,Business insurance premium,REF13891129,184.14,0.0,86442.98
2025-04-15,2025-04-15,Project payment - Customer_0062,REF13370184,0.0,59.33,86502.31
2025-04-15,2025-04-15,Invoice payment - Customer_0028,REF53610021,0.0,63.24,86565.55
2025-04-15,2025-04-15,Payment from Customer_0060,REF13948974,0.0,56.1,86621.65
2025-04-15,2025-04-15,Employee payroll,REF91265678,1351.45,0.0,85270.2
2025-04-15,2025-04-15,Service payment - Customer_0054,REF64163136,0.0,95.12,85365.32
2025-04-15,2025-04-15,Service payment - Customer_0031,REF89509381,0.0,78.47,85443.79
2025-04-15,2025-04-15,Payment from Customer_0041,REF72304821,0.0,121.36,85565.15
2025-04-16,2025-04-16,Project payment - Customer_0008,REF92953812,0.0,95.84,85660.99
2025-04-16,2025-04-16,Service payment - Customer_0056,REF61996021,0.0,90.02,85751.01
2025-04-16,2025-04-16,Service payment - Customer_0076,REF70073716,0.0,57.61,85808.62
2025-04-16,2025-04-16,Service payment - Customer_0012,REF57584147,0.0,125.29,85933.91
2025-04-16,2025-04-16,Project payment - Customer_0063,REF90671508,0.0,50.82,85984.73
2025-04-16,2025-04-16,Invoice payment - Customer_0046,REF91430569,0.0,126.28,86111.01
2025-04-16,2025-04-16,Project payment - Customer_0018,REF42285342,0.0,106.71,86217.72
2025-04-17,2025-04-17,Invoice payment - Customer_0007,REF52874959,0.0,57.46,86275.18
2025-04-17,2025-04-17,Project payment - Customer_0032,REF20762955,0.0,89.08,86364.26
2025-04-17,2025-04-17,Service payment - Customer_0077,REF62681704,0.0,103.5,86467.76
2025-04-17,2025-04-17,Invoice payment - Customer_0090,REF38076188,0.0,48.83,86516.59
2025-04-17,2025-04-17,Service payment - Customer_0076,REF57209636,0.0,73.67,86590.26
2025-04-17,2025-04-17,Service payment - Customer_0016,REF10533987,0.0,12.63,86602.89
2025-04-17,2025-04-17,Service payment - Customer_0062,REF35587712,0.0,47.8,86650.69
2025-04-17,2025-04-17,Invoice payment - Customer_0027,REF87621298,0.0,54.7,86705.39
2025-04-17,2025-04-17,Project payment - Customer_0025,REF53077376,0.0,19.65,86725.04
2025-04-17,2025-04-17,Payment from Customer_0055,REF56812723,0.0,110.14,86835.18
2025-04-17,2025-04-17,Inventory purchase,REF39156983,3527.8,0.0,83307.38
2025-04-18,2025-04-18,Payment from Customer_0084,REF34094044,0.0,164.12,83471.5
2025-04-18,2025-04-18,Invoice payment - Customer_0016,REF58368388,0.0,14.46,83485.96
2025-04-18,2025-04-18,Service payment - Customer_0058,REF29333174,0.0,52.51,83538.47
2025-04-18,2025-04-18,Project payment - Customer_0089,REF33634297,0.0,91.62,83630.09
2025-04-18,2025-04-18,Service payment - Customer_0040,REF95984263,0.0,53.89,83683.98
2025-04-18,2025-04-18,Payment from Customer_0060,REF31360108,0.0,55.22,83739.2
2025-04-18,2025-04-18,Marketing expenses,REF49210804,353.03,0.0,83386.17
2025-04-18,2025-04-18,Project payment - Customer_0017,REF56675120,0.0,104.61,83490.78
2025-04-18,2025-04-18,Project payment - Customer_0000,REF28747492,0.0,151.1,83641.88
2025-04-18,2025-04-18,Project payment - Customer_0091,REF81678703,0.0,86.1,83727.98
2025-04-18,2025-04-18,Project payment - Customer_0028,REF77458543,0.0,48.37,83776.35
2025-04-18,2025-04-18,Invoice payment - Customer_0034,REF85865948,0.0,120.19,83896.54
2025-04-18,2025-04-18,Project payment - Customer_0050,REF44825397,0.0,123.24,84019.78
2025-04-18,2025-04-18,Service payment - Customer_0093,REF46898682,0.0,63.26,84083.04
2025-04-19,2025-04-19,Invoice payment - Customer_0045,REF78954194,0.0,173.03,84256.07
2025-04-19,2025-04-19,Project payment - Customer_0012,REF39281215,0.0,145.25,84401.32
2025-04-19,2025-04-19,Service payment - Customer_0089,REF82875663,0.0,103.31,84504.63
2025-04-19,2025-04-19,Payment from Customer_0081,REF73672221,0.0,84.64,84589.27
2025-04-19,2025-04-19,Project payment - Customer_0047,REF28529206,0.0,100.68,84689.95
2025-04-19,2025-04-19,Invoice payment - Customer_0049,REF90321343,0.0,106.9,84796.85
2025-04-19,2025-04-19,Payment from Customer_0062,REF26611934,0.0,56.48,84853.33
2025-04-19,2025-04-19,Service payment - Customer_0076,REF60841823,0.0,61.13,84914.46
2025-04-19,2025-04-19,Service payment - Customer_0027,REF72250477,0.0,40.45,84954.91
2025-04-19,2025-04-19,Invoice payment - Customer_0005,REF69081365,0.0,50.14,85005.05
2025-04-19,2025-04-19,Invoice payment - Customer_0036,REF80033541,0.0,65.74,85070.79
2025-04-20,2025-04-20,Invoice payment - Customer_0015,REF49739631,0.0,33.49,85104.28
2025-04-20,2025-04-20,Project payment - Customer_0007,REF95252630,0.0,49.76,85154.04
2025-04-20,2025-04-20,Project payment - Customer_0082,REF25722741,0.0,39.17,85193.21
2025-04-20,2025-04-20,Invoice payment - Customer_0046,REF43849188,0.0,116.96,85310.17
2025-04-20,2025-04-20,Project payment - Customer_0012,REF61722954,0.0,122.23,85432.4
2025-04-20,2025-04-20,Service payment - Customer_0011,REF59145571,0.0,40.7,85473.1
2025-04-20,2025-04-20,Service payment - Customer_0076,REF18074809,0.0,62.62,85535.72
2025-04-20,2025-04-20,Project payment - Customer_0004,REF58194742,0.0,93.03,85628.75
2025-04-20,2025-04-20,Invoice payment - Customer_0081,REF98728453,0.0,91.1,85719.85
2025-04-20,2025-04-20,Payment from Customer_0001,REF45776951,0.0,79.4,85799.25
2025-04-21,2025-04-21,Project payment - Customer_0038,REF95172526,0.0,101.14,85900.39
2025-04-21,2025-04-21,Invoice payment - Customer_0039,REF95666832,0.0,71.86,85972.25
2025-04-21,2025-04-21,Payment from Customer_0096,REF67214595,0.0,67.95,86040.2
2025-04-21,2025-04-21,Payment from Customer_0036,REF40039433,0.0,43.84,86084.04
2025-04-21,2025-04-21,Payment from Customer_0031,REF56021529,0.0,98.94,86182.98
2025-04-21,2025-04-21,Project payment - Customer_0020,REF49085840,0.0,57.64,86240.62
2025-04-21,2025-04-21,Invoice payment - Customer_0051,REF82128369,0.0,109.03,86349.65
2025-04-21,2025-04-21,Invoice payment - Customer_0080,REF76589966,0.0,145.44,86495.09
2025-04-22,2025-04-22,Utility bill payment,REF32997412,162.05,0.0,86333.04
2025-04-22,2025-04-22,Payment from Customer_0075,REF96676802,0.0,92.6,86425.64
2025-04-22,2025-04-22,Payment from Customer_0087,REF34520263,0.0,133.36,86559.0
2025-04-22,2025-04-22,Invoice payment - Customer_0076,REF46493148,0.0,65.82,86624.82
2025-04-22,2025-04-22,Payment from Customer_0041,REF56867428,0.0,106.83,86731.65
2025-04-22,2025-04-22,Project payment - Customer_0000,REF87393266,0.0,145.82,86877.47
2025-04-22,2025-04-22,Invoice payment - Customer_0009,REF30655058,0.0,41.57,86919.04
2025-04-22,2025-04-22,Project payment - Customer_0092,REF93222866,0.0,47.24,86966.28
2025-04-22,2025-04-22,Project payment - Customer_0083,REF11912353,0.0,77.98,87044.26
2025-04-23,2025-04-23,Payment from Customer_0017,REF73452220,0.0,94.73,87138.99
2025-04-23,2025-04-23,Project payment - Customer_0040,REF72643697,0.0,57.31,87196.3
2025-04-23,2025-04-23,Project payment - Customer_0051,REF23670834,0.0,108.83,87305.13
2025-04-23,2025-04-23,Project payment - Customer_0011,REF46822563,0.0,60.25,87365.38
2025-04-23,2025-04-23,Service payment - Customer_0019,REF27680476,0.0,44.61,87409.99
2025-04-23,2025-04-23,Project payment - Customer_0021,REF19865193,0.0,71.01,87481.0
2025-04-23,2025-04-23,Payment from Customer_0039,REF16229024,0.0,53.56,87534.56
2025-04-23,2025-04-23,Project payment - Customer_0079,REF61624129,0.0,54.37,87588.93
2025-04-23,2025-04-23,Project payment - Customer_0012,REF13587571,0.0,128.69,87717.62
2025-04-24,2025-04-24,Project payment - Customer_0084,REF24633894,0.0,118.53,87836.15
2025-04-24,2025-04-24,Inventory purchase,REF88512529,2183.82,0.0,85652.33
2025-04-24,2025-04-24,Service payment - Customer_0037,REF12262036,0.0,116.86,85769.19
2025-04-24,2025-04-24,Project payment - Customer_0088,REF11448834,0.0,65.19,85834.38
2025-04-24,2025-04-24,Invoice payment - Customer_0044,REF88568407,0.0,56.65,85891.03
2025-04-24,2025-04-24,Service payment - Customer_0087,REF79070927,0.0,95.93,85986.96
2025-04-24,2025-04-24,Service payment - Customer_0050,REF49718406,0.0,98.91,86085.87
2025-04-24,2025-04-24,Service payment - Customer_0032,REF13562615,0.0,74.08,86159.95
2025-04-25,2025-04-25,Service payment - Customer_0055,REF31159330,0.0,102.66,86262.61
2025-04-25,2025-04-25,Invoice payment - Customer_0007,REF15130927,0.0,52.65,86315.26
2025-04-25,2025-04-25,Project payment - Customer_0074,REF48031937,0.0,33.12,86348.38
2025-04-25,2025-04-25,Project payment - Customer_0029,REF31890806,0.0,69.1,86417.48
2025-04-25,2025-04-25,Payment from Customer_0036,REF26209548,0.0,42.23,86459.71
2025-04-25,2025-04-25,Payment from Customer_0049,REF78423644,0.0,95.31,86555.02
2025-04-25,2025-04-25,Payment from Customer_0035,REF66155879,0.0,85.68,86640.7
2025-04-26,2025-04-26,Service payment - Customer_0084,REF66716648,0.0,119.11,86759.81
2025-04-26,2025-04-26,Invoice payment - Customer_0030,REF82147557,0.0,45.3,86805.11
2025-04-26,2025-04-26,Service payment - Customer_0056,REF61133730,0.0,95.05,86900.16
2025-04-26,2025-04-26,Service payment - Customer_0043,REF83353012,0.0,132.23,87032.39
2025-04-26,2025-04-26,Invoice payment - Customer_0035,REF71070541,0.0,79.7,87112.09
2025-04-26,2025-04-26,Project payment - Customer_0040,REF96854849,0.0,62.92,87175.01
2025-04-26,2025-04-26,Project payment - Customer_0003,REF30865410,0.0,82.78,87257.79
2025-04-26,2025-04-26,Service payment - Customer_0079,REF77076372,0.0,51.39,87309.18
2025-04-26,2025-04-26,Invoice payment - Customer_0096,REF44103929,0.0,52.66,87361.84
2025-04-27,2025-04-27,Project payment - Customer_0037,REF98386787,0.0,95.83,87457.67
2025-04-27,2025-04-27,Service payment - Customer_0046,REF25861909,0.0,133.57,87591.24
2025-04-27,2025-04-27,Project payment - Customer_0082,REF93632361,0.0,34.38,87625.62
2025-04-27,2025-04-27,Project payment - Customer_0036,REF45614629,0.0,50.98,87676.6
2025-04-27,2025-04-27,Project payment - Customer_0000,REF74630778,0.0,125.6,87802.2
2025-04-27,2025-04-27,Invoice payment - Customer_0010,REF30158012,0.0,136.26,87938.46
2025-04-27,2025-04-27,Service payment - Customer_0076,REF16013456,0.0,59.34,87997.8
2025-04-28,2025-04-28,Payment from Customer_0058,REF59987823,0.0,48.76,88046.56
2025-04-28,2025-04-28,Project payment - Customer_0048,REF66949369,0.0,110.68,88157.24
2025-04-28,2025-04-28,Payment from Customer_0023,REF42202118,0.0,105.61,88262.85
2025-04-28,2025-04-28,Invoice payment - Customer_0016,REF86310859,0.0,10.47,88273.32
2025-04-28,2025-04-28,Project payment - Customer_0035,REF86473668,0.0,85.37,88358.69
2025-04-28,2025-04-28,Service payment - Customer_0010,REF99049922,0.0,158.72,88517.41
2025-04-28,2025-04-28,Payment from Customer_0026,REF45596816,0.0,36.52,88553.93
2025-04-28,2025-04-28,Service payment - Customer_0051,REF42831786,0.0,98.08,88652.01
2025-04-29,2025-04-29,Project payment - Customer_0070,REF65310481,0.0,43.29,88695.3
2025-04-29,2025-04-29,Payment from Customer_0018,REF90153287,0.0,167.51,88862.81
2025-04-29,2025-04-29,Marketing expenses,REF35918814,293.13,0.0,88569.68
2025-04-29,2025-04-29,Service payment - Customer_0037,REF10959032,0.0,69.98,88639.66
2025-04-29,2025-04-29,Payment from Customer_0010,REF59881980,0.0,173.64,88813.3
2025-04-29,2025-04-29,Payment from Customer_0030,REF59587999,0.0,52.53,88865.83
2025-04-29,2025-04-29,Payment from Customer_0059,REF27953368,0.0,10.0,88875.83
2025-04-29,2025-04-29,Payment from Customer_0044,REF14903776,0.0,48.01,88923.84
2025-04-29,2025-04-29,Payment from Customer_0043,REF55819766,0.0,143.87,89067.71
2025-04-29,2025-04-29,Project payment - Customer_0015,REF96314362,0.0,28.01,89095.72
2025-04-29,2025-04-29,Invoice payment - Customer_0062,REF85235712,0.0,58.43,89154.15
2025-04-29,2025-04-29,Service payment - Customer_0065,REF25730251,0.0,79.44,89233.59
2025-04-29,2025-04-29,Invoice payment - Customer_0097,REF54040510,0.0,46.83,89280.42
2025-04-29,2025-04-29,Service payment - Customer_0079,REF91983551,0.0,48.48,89328.9
2025-04-29,2025-04-29,Project payment - Customer_0032,REF45166150,0.0,93.53,89422.43
2025-04-29,2025-04-29,Payment from Customer_0075,REF87631307,0.0,84.81,89507.24
2025-04-29,2025-04-29,Invoice payment - Customer_0053,REF48801510,0.0,105.98,89613.22
2025-04-29,2025-04-29,Invoice payment - Customer_0069,REF76374663,0.0,100.12,89713.34
2025-04-30,2025-04-30,Invoice payment - Customer_0034,REF20883906,0.0,149.55,89862.89
2025-04-30,2025-04-30,Invoice payment - Customer_0037,REF24101845,0.0,125.8,89988.69
2025-04-30,2025-04-30,Payment from Customer_0094,REF30955117,0.0,119.84,90108.53
2025-04-30,2025-04-30,Invoice payment - Customer_0028,REF48014648,0.0,40.73,90149.26
2025-04-30,2025-04-30,Payment from Customer_0087,REF86930195,0.0,112.95,90262.21
2025-05-01,2025-05-01,Monthly office rent,REF90564142,1362.93,0.0,88899.28
2025-05-01,2025-05-01,Payment from Customer_0025,REF47951667,0.0,20.35,88919.63
2025-05-01,2025-05-01,Service payment - Customer_0068,REF23248859,0.0,78.94,88998.57
2025-05-01,2025-05-01,Project payment - Customer_0045,REF25883443,0.0,231.31,89229.88
2025-05-01,2025-05-01,Invoice payment - Customer_0053,REF70158622,0.0,100.58,89330.46
2025-05-01,2025-05-01,Project payment - Customer_0001,REF40913944,0.0,94.82,89425.28
2025-05-01,2025-05-01,Invoice payment - Customer_0035,REF13585528,0.0,95.15,89520.43
2025-05-01,2025-05-01,Invoice payment - Customer_0066,REF46794648,0.0,85.71,89606.14
2025-05-01,2025-05-01,Invoice payment - Customer_0046,REF33810680,0.0,107.84,89713.98
2025-05-02,2025-05-02,Project payment - Customer_0079,REF57657967,0.0,56.25,89770.23
2025-05-02,2025-05-02,Invoice payment - Customer_0089,REF98380245,0.0,143.69,89913.92
2025-05-02,2025-05-02,Invoice payment - Customer_0073,REF36191128,0.0,42.48,89956.4
2025-05-02,2025-05-02,Service payment - Customer_0095,REF67446290,0.0,38.1,89994.5
2025-05-02,2025-05-02,Project payment - Customer_0017,REF39142710,0.0,112.82,90107.32
2025-05-02,2025-05-02,Invoice payment - Customer_0031,REF97163819,0.0,88.45,90195.77
2025-05-02,2025-05-02,Invoice payment - Customer_0023,REF62608175,0.0,129.3,90325.07
2025-05-02,2025-05-02,Service payment - Customer_0062,REF72468292,0.0,71.57,90396.64
2025-05-02,2025-05-02,Service payment - Customer_0021,REF44611232,0.0,104.67,90501.31
2025-05-02,2025-05-02,Service payment - Customer_0069,REF74022029,0.0,95.06,90596.37
2025-05-02,2025-05-02,Invoice payment - Customer_0090,REF81352778,0.0,57.06,90653.43
2025-05-02,2025-05-02,Service payment - Customer_0001,REF62514650,0.0,86.89,90740.32
2025-05-03,2025-05-03,Service payment - Customer_0052,REF93319296,0.0,78.37,90818.69
2025-05-03,2025-05-03,Invoice payment - Customer_0050,REF84532158,0.0,88.77,90907.46
2025-05-03,2025-05-03,Invoice payment - Customer_0042,REF70954509,0.0,50.61,90958.07
2025-05-04,2025-05-04,Marketing expenses,REF63649378,315.72,0.0,90642.35
2025-05-04,2025-05-04,Payment from Customer_0067,REF47169031,0.0,60.58,90702.93
2025-05-04,2025-05-04,Project payment - Customer_0025,REF76507163,0.0,25.12,90728.05
2025-05-04,2025-05-04,Invoice payment - Customer_0098,REF82657488,0.0,92.33,90820.38
2025-05-04,2025-05-04,Invoice payment - Customer_0027,REF53640758,0.0,43.39,90863.77
2025-05-04,2025-05-04,Invoice payment - Customer_0010,REF93689941,0.0,181.56,91045.33
2025-05-04,2025-05-04,Project payment - Customer_0032,REF84915056,0.0,80.14,91125.47
2025-05-05,2025-05-05,Service payment - Customer_0024,REF97513423,0.0,58.55,91184.02
2025-05-05,2025-05-05,Invoice payment - Customer_0031,REF12045241,0.0,89.81,91273.83
2025-05-05,2025-05-05,Payment from Customer_0046,REF76782691,0.0,114.73,91388.56
2025-05-05,2025-05-05,Invoice payment - Customer_0084,REF75187915,0.0,131.88,91520.44
2025-05-05,2025-05-05,Invoice payment - Customer_0042,REF75870101,0.0,31.39,91551.83
2025-05-05,2025-05-05,Invoice payment - Customer_0045,REF72087459,0.0,176.84,91728.67
2025-05-05,2025-05-05,Project payment - Customer_0066,REF62507614,0.0,83.6,91812.27
2025-05-06,2025-05-06,Inventory purchase,REF35177187,1025.14,0.0,90787.13
2025-05-06,2025-05-06,Invoice payment - Customer_0041,REF59058346,0.0,141.04,90928.17
2025-05-06,2025-05-06,Payment from Customer_0020,REF32748750,0.0,98.97,91027.14
2025-05-06,2025-05-06,Project payment - Customer_0061,REF56767820,0.0,70.01,91097.15
2025-05-06,2025-05-06,Payment from Customer_0074,REF86154968,0.0,38.15,91135.3
2025-05-06,2025-05-06,Service payment - Customer_0071,REF67186174,0.0,225.04,91360.34
2025-05-06,2025-05-06,Service payment - Customer_0088,REF92431307,0.0,94.78,91455.12
2025-05-06,2025-05-06,Payment from Customer_0027,REF40575153,0.0,51.03,91506.15
2025-05-06,2025-05-06,Project payment - Customer_0082,REF50819153,0.0,35.93,91542.08
2025-05-06,2025-05-06,Service payment - Customer_0069,REF34065334,0.0,99.74,91641.82
2025-05-06,2025-05-06,Invoice payment - Customer_0018,REF39740118,0.0,154.37,91796.19
2025-05-07,2025-05-07,Payment from Customer_0005,REF55842819,0.0,53.89,91850.08
2025-05-07,2025-05-07,Service payment - Customer_0024,REF55473115,0.0,59.51,91909.59
2025-05-07,2025-05-07,Payment from Customer_0039,REF94196861,0.0,62.93,91972.52
2025-05-07,2025-05-07,Service payment - Customer_0022,REF39591927,0.0,133.09,92105.61
2025-05-07,2025-05-07,Payment from Customer_0054,REF58700404,0.0,161.77,92267.38
2025-05-07,2025-05-07,Service payment - Customer_0077,REF80000966,0.0,86.1,92353.48
2025-05-07,2025-05-07,Payment from Customer_0072,REF51470969,0.0,70.31,92423.79
2025-05-08,2025-05-08,Payment from Customer_0053,REF16472812,0.0,91.88,92515.67
2025-05-08,2025-05-08,Payment from Customer_0036,REF10160849,0.0,42.35,92558.02
2025-05-08,2025-05-08,Payment from Customer_0020,REF74748106,0.0,86.97,92644.99
2025-05-08,2025-05-08,Payment from Customer_0015,REF54957080,0.0,27.89,92672.88
2025-05-08,2025-05-08,Payment from Customer_0014,REF25976715,0.0,10.0,92682.88
2025-05-08,2025-05-08,Invoice payment - Customer_0061,REF26207827,0.0,73.22,92756.1
2025-05-08,2025-05-08,Payment from Customer_0072,REF54548410,0.0,59.18,92815.28
2025-05-08,2025-05-08,Invoice payment - Customer_0052,REF37334728,0.0,84.35,92899.63
2025-05-08,2025-05-08,Project payment - Customer_0079,REF50248337,0.0,42.12,92941.75
2025-05-08,2025-05-08,Project payment - Customer_0098,REF70469392,0.0,64.67,93006.42
2025-05-08,2025-05-08,Project payment - Customer_0019,REF43386379,0.0,71.58,93078.0
2025-05-08,2025-05-08,Invoice payment - Customer_0063,REF97168362,0.0,57.25,93135.25
2025-05-09,2025-05-09,Payment from Customer_0048,REF92278931,0.0,118.61,93253.86
2025-05-09,2025-05-09,Inventory purchase,REF43154756,4036.72,0.0,89217.14
2025-05-09,2025-05-09,Project payment - Customer_0020,REF97136846,0.0,57.12,89274.26
2025-05-09,2025-05-09,Payment from Customer_0009,REF92197716,0.0,79.71,89353.97
2025-05-09,2025-05-09,Service payment - Customer_0066,REF32850675,0.0,79.65,89433.62
2025-05-09,2025-05-09,Service payment - Customer_0075,REF47692284,0.0,98.97,89532.59
2025-05-09,2025-05-09,Service payment - Customer_0099,REF75996200,0.0,73.32,89605.91
2025-05-09,2025-05-09,Service payment - Customer_0031,REF52423398,0.0,82.38,89688.29
2025-05-09,2025-05-09,Service payment - Customer_0090,REF88768323,0.0,55.28,89743.57
2025-05-10,2025-05-10,Project payment - Customer_0001,REF48453951,0.0,100.71,89844.28
2025-05-10,2025-05-10,Project payment - Customer_0010,REF45173757,0.0,176.43,90020.71
2025-05-10,2025-05-10,Service payment - Customer_0081,REF53549001,0.0,121.51,90142.22
2025-05-10,2025-05-10,Project payment - Customer_0042,REF30067762,0.0,42.6,90184.82
2025-05-10,2025-05-10,Invoice payment - Customer_0051,REF35547493,0.0,111.46,90296.28
2025-05-10,2025-05-10,Payment from Customer_0016,REF43498269,0.0,14.64,90310.92
2025-05-10,2025-05-10,Project payment - Customer_0080,REF85210240,0.0,147.62,90458.54
2025-05-10,2025-05-10,Payment from Customer_0046,REF53849301,0.0,118.62,90577.16
2025-05-10,2025-05-10,Payment from Customer_0063,REF43815396,0.0,55.2,90632.36
2025-05-11,2025-05-11,Project payment - Customer_0076,REF14109364,0.0,73.39,90705.75
2025-05-11,2025-05-11,Service payment - Customer_0079,REF17836212,0.0,67.93,90773.68
2025-05-11,2025-05-11,Invoice payment - Customer_0043,REF45337419,0.0,146.27,90919.95
2025-05-11,2025-05-11,Invoice payment - Customer_0070,REF25210395,0.0,42.05,90962.0
2025-05-11,2025-05-11,Project payment - Customer_0018,REF11370801,0.0,151.14,91113.14
2025-05-11,2025-05-11,Project payment - Customer_0090,REF54018065,0.0,65.78,91178.92
2025-05-11,2025-05-11,Project payment - Customer_0094,REF12833006,0.0,148.22,91327.14
2025-05-11,2025-05-11,Payment from Customer_0069,REF71227001,0.0,108.38,91435.52
2025-05-11,2025-05-11,Service payment - Customer_0054,REF69070231,0.0,135.05,91570.57
2025-05-11,2025-05-11,Payment from Customer_0003,REF72930299,0.0,83.68,91654.25
2025-05-11,2025-05-11,Invoice payment - Customer_0084,REF73016708,0.0,94.59,91748.84
2025-05-11,2025-05-11,Service payment - Customer_0097,REF80652890,0.0,41.98,91790.82
2025-05-12,2025-05-12,Service payment - Customer_0078,REF77199737,0.0,48.43,91839.25
2025-05-12,2025-05-12,Payment from Customer_0004,REF37243824,0.0,114.32,91953.57
2025-05-12,2025-05-12,Service payment - Customer_0023,REF55957898,0.0,112.67,92066.24
2025-05-12,2025-05-12,Invoice payment - Customer_0070,REF35536419,0.0,49.16,92115.4
2025-05-12,2025-05-12,Invoice payment - Customer_0025,REF31631627,0.0,11.21,92126.61
2025-05-13,2025-05-13,Payment from Customer_0027,REF85350850,0.0,49.51,92176.12
2025-05-13,2025-05-13,Service payment - Customer_0062,REF28771261,0.0,44.69,92220.81
2025-05-13,2025-05-13,Project payment - Customer_0002,REF48180470,0.0,106.27,92327.08
2025-05-13,2025-05-13,Project payment - Customer_0046,REF21856778,0.0,132.43,92459.51
2025-05-13,2025-05-13,Service payment - Customer_0080,REF24162626,0.0,133.67,92593.18
2025-05-13,2025-05-13,Project payment - Customer_0063,REF35553971,0.0,54.78,92647.96
2025-05-13,2025-05-13,Invoice payment - Customer_0043,REF12485483,0.0,151.93,92799.89
2025-05-13,2025-05-13,Service payment - Customer_0007,REF98051134,0.0,60.37,92860.26
2025-05-13,2025-05-13,Service payment - Customer_0005,REF49937115,0.0,52.86,92913.12
2025-05-13,2025-05-13,Service payment - Customer_0026,REF25673421,0.0,35.68,92948.8
2025-05-14,2025-05-14,Service payment - Customer_0001,REF73197733,0.0,100.52,93049.32
2025-05-14,2025-05-14,Invoice payment - Customer_0019,REF83355472,0.0,62.2,93111.52
2025-05-14,2025-05-14,Invoice payment - Customer_0092,REF74844212,0.0,55.33,93166.85
2025-05-14,2025-05-14,Service payment - Customer_0003,REF54505983,0.0,106.75,93273.6
2025-05-14,2025-05-14,Project payment - Customer_0074,REF28081470,0.0,44.81,93318.41
2025-05-14,2025-05-14,Payment from Customer_0082,REF41718504,0.0,37.68,93356.09
2025-05-14,2025-05-14,Service payment - Customer_0037,REF65158790,0.0,124.88,93480.97
2025-05-14,2025-05-14,Project payment - Customer_0004,REF18450168,0.0,97.04,93578.01
2025-05-14,2025-05-14,Payment from Customer_0046,REF77438171,0.0,111.35,93689.36
2025-05-14,2025-05-14,Service payment - Customer_0040,REF28946614,0.0,77.12,93766.48
2025-05-14,2025-05-14,Invoice payment - Customer_0093,REF23089595,0.0,57.7,93824.18
2025-05-14,2025-05-14,Service payment - Customer_0096,REF82136001,0.0,64.9,93889.08
2025-05-15,2025-05-15,Invoice payment - Customer_0016,REF97217988,0.0,12.97,93902.05
2025-05-15,2025-05-15,Project payment - Customer_0013,REF73645271,0.0,78.69,93980.74
2025-05-15,2025-05-15,Invoice payment - Customer_0009,REF16931645,0.0,71.52,94052.26
2025-05-15,2025-05-15,Payment from Customer_0017,REF18099408,0.0,112.29,94164.55
2025-05-15,2025-05-15,Invoice payment - Customer_0041,REF54615611,0.0,128.6,94293.15
2025-05-15,2025-05-15,Payment from Customer_0030,REF18478927,0.0,49.23,94342.38
2025-05-15,2025-05-15,Project payment - Customer_0029,REF44183087,0.0,82.22,94424.6
2025-05-15,2025-05-15,Invoice payment - Customer_0051,REF17405270,0.0,97.81,94522.41
2025-05-15,2025-05-15,Payment from Customer_0073,REF23367229,0.0,42.46,94564.87
2025-05-15,2025-05-15,Project payment - Customer_0079,REF11368469,0.0,52.06,94616.93
2025-05-15,2025-05-15,Service payment - Customer_0072,REF84435297,0.0,63.39,94680.32
2025-05-15,2025-05-15,Service payment - Customer_0091,REF67737583,0.0,115.63,94795.95
2025-05-15,2025-05-15,Business insurance premium,REF44883015,187.35,0.0,94608.6
2025-05-15,2025-05-15,Project payment - Customer_0058,REF70750766,0.0,58.74,94667.34
2025-05-16,2025-05-16,Payment from Customer_0016,REF75571319,0.0,15.73,94683.07
2025-05-16,2025-05-16,Service payment - Customer_0056,REF48787485,0.0,115.85,94798.92
2025-05-16,2025-05-16,Invoice payment - Customer_0026,REF27653863,0.0,36.38,94835.3
2025-05-16,2025-05-16,Payment from Customer_0094,REF41393133,0.0,94.76,94930.06
2025-05-16,2025-05-16,Invoice payment - Customer_0062,REF48477462,0.0,59.43,94989.49
2025-05-17,2025-05-17,Project payment - Customer_0003,REF12752246,0.0,96.1,95085.59
2025-05-17,2025-05-17,Service payment - Customer_0058,REF70699769,0.0,70.24,95155.83
2025-05-17,2025-05-17,Payment from Customer_0072,REF17717794,0.0,71.46,95227.29
2025-05-17,2025-05-17,Project payment - Customer_0031,REF99366454,0.0,67.1,95294.39
2025-05-18,2025-05-18,Invoice payment - Customer_0003,REF76617232,0.0,93.29,95387.68
2025-05-18,2025-05-18,Payment from Customer_0008,REF52400853,0.0,86.42,95474.1
2025-05-18,2025-05-18,Payment from Customer_0016,REF64108190,0.0,11.63,95485.73
2025-05-18,2025-05-18,Project payment - Customer_0030,REF83309295,0.0,61.39,95547.12
2025-05-18,2025-05-18,Project payment - Customer_0070,REF52315549,0.0,43.67,95590.79
2025-05-18,2025-05-18,Payment from Customer_0074,REF10153820,0.0,32.14,95622.93
2025-05-18,2025-05-18,Project payment - Customer_0095,REF41380986,0.0,32.9,95655.83
2025-05-18,2025-05-18,Invoice payment - Customer_0090,REF61653954,0.0,83.79,95739.62
2025-05-18,2025-05-18,Project payment - Customer_0027,REF42336069,0.0,45.73,95785.35
2025-05-18,2025-05-18,Payment from Customer_0081,REF57915191,0.0,100.3,95885.65
2025-05-19,2025-05-19,Project payment - Customer_0031,REF31300808,0.0,109.88,95995.53
2025-05-19,2025-05-19,Invoice payment - Customer_0035,REF23005298,0.0,127.34,96122.87
2025-05-19,2025-05-19,Service payment - Customer_0095,REF68838400,0.0,39.75,96162.62
2025-05-19,2025-05-19,Invoice payment - Customer_0073,REF25199433,0.0,57.18,96219.8
2025-05-19,2025-05-19,Project payment - Customer_0085,REF23134850,0.0,55.83,96275.63
2025-05-19,2025-05-19,Invoice payment - Customer_0052,REF42607996,0.0,106.78,96382.41
2025-05-19,2025-05-19,Payment from Customer_0028,REF99472614,0.0,54.81,96437.22
2025-05-19,2025-05-19,Service payment - Customer_0034,REF28541000,0.0,204.91,96642.13
2025-05-19,2025-05-19,Project payment - Customer_0099,REF47917798,0.0,67.23,96709.36
2025-05-19,2025-05-19,Service payment - Customer_0032,REF44684563,0.0,117.51,96826.87
2025-05-19,2025-05-19,Payment from Customer_0067,REF47883777,0.0,62.1,96888.97
2025-05-19,2025-05-19,Service payment - Customer_0023,REF70411969,0.0,125.07,97014.04
2025-05-20,2025-05-20,Professional Services expense,REF54338650,157.05,0.0,96856.99
2025-05-20,2025-05-20,Service payment - Customer_0029,REF61318520,0.0,94.22,96951.21
2025-05-20,2025-05-20,Invoice payment - Customer_0073,REF86040170,0.0,52.25,97003.46
2025-05-20,2025-05-20,Project payment - Customer_0081,REF92548517,0.0,89.14,97092.6
2025-05-20,2025-05-20,Payment from Customer_0055,REF36340210,0.0,123.52,97216.12
2025-05-20,2025-05-20,Invoice payment - Customer_0093,REF96673990,0.0,60.28,97276.4
2025-05-20,2025-05-20,Service payment - Customer_0059,REF55801722,0.0,10.71,97287.11
2025-05-20,2025-05-20,Service payment - Customer_0050,REF76166862,0.0,108.53,97395.64
2025-05-20,2025-05-20,Service payment - Customer_0022,REF23794295,0.0,137.72,97533.36
2025-05-20,2025-05-20,Payment from Customer_0038,REF20954658,0.0,125.01,97658.37
2025-05-21,2025-05-21,Invoice payment - Customer_0037,REF72475636,0.0,95.53,97753.9
2025-05-21,2025-05-21,Invoice payment - Customer_0003,REF28254244,0.0,112.07,97865.97
2025-05-21,2025-05-21,Payment from Customer_0095,REF59190133,0.0,37.29,97903.26
2025-05-21,2025-05-21,Service payment - Customer_0073,REF50397140,0.0,38.78,97942.04
2025-05-21,2025-05-21,Payment from Customer_0058,REF69758304,0.0,52.1,97994.14
2025-05-21,2025-05-21,Project payment - Customer_0015,REF96134516,0.0,34.28,98028.42
2025-05-21,2025-05-21,Payment from Customer_0000,REF63570424,0.0,191.36,98219.78
2025-05-21,2025-05-21,Project payment - Customer_0047,REF52147533,0.0,94.12,98313.9
2025-05-21,2025-05-21,Invoice payment - Customer_0094,REF62219224,0.0,127.56,98441.46
2025-05-22,2025-05-22,Invoice payment - Customer_0091,REF90074550,0.0,109.11,98550.57
2025-05-22,2025-05-22,Payment from Customer_0029,REF99457650,0.0,100.65,98651.22
2025-05-22,2025-05-22,Project payment - Customer_0097,REF27736266,0.0,46.56,98697.78
2025-05-22,2025-05-22,Payment from Customer_0033,REF91938087,0.0,105.5,98803.28
2025-05-22,2025-05-22,Invoice payment - Customer_0047,REF21218406,0.0,93.81,98897.09
2025-05-22,2025-05-22,Payment from Customer_0040,REF40231663,0.0,51.88,98948.97
2025-05-22,2025-05-22,Invoice payment - Customer_0037,REF17070580,0.0,131.54,99080.51
2025-05-22,2025-05-22,Project payment - Customer_0062,REF52503139,0.0,64.83,99145.34
2025-05-22,2025-05-22,Project payment - Customer_0002,REF90785837,0.0,80.7,99226.04
2025-05-22,2025-05-22,Service payment - Customer_0010,REF52779780,0.0,130.77,99356.81
2025-05-22,2025-05-22,Utility bill payment,REF16802041,182.04,0.0,99174.77
2025-05-23,2025-05-23,Service payment - Customer_0042,REF79939865,0.0,33.14,99207.91
2025-05-23,2025-05-23,Service payment - Customer_0056,REF34086863,0.0,108.48,99316.39
2025-05-23,2025-05-23,Invoice payment - Customer_0090,REF80456232,0.0,75.13,99391.52
2025-05-23,2025-05-23,Payment from Customer_0022,REF57391768,0.0,138.16,99529.68
2025-05-23,2025-05-23,Service payment - Customer_0030,REF20658178,0.0,51.8,99581.48
2025-05-23,2025-05-23,Service payment - Customer_0021,REF55423741,0.0,96.19,99677.67
2025-05-23,2025-05-23,Invoice payment - Customer_0035,REF18851250,0.0,81.92,99759.59
2025-05-24,2025-05-24,Payment from Customer_0041,REF39791900,0.0,123.04,99882.63
2025-05-24,2025-05-24,Invoice payment - Customer_0015,REF64435404,0.0,33.45,99916.08
2025-05-24,2025-05-24,Payment from Customer_0035,REF74565870,0.0,104.32,100020.4
2025-05-24,2025-05-24,Service payment - Customer_0060,REF49862692,0.0,71.81,100092.21
2025-05-24,2025-05-24,Payment from Customer_0096,REF86874009,0.0,75.07,100167.28
2025-05-24,2025-05-24,Project payment - Customer_0055,REF65946228,0.0,95.05,100262.33
2025-05-24,2025-05-24,Service payment - Customer_0043,REF81648343,0.0,122.51,100384.84
2025-05-24,2025-05-24,Invoice payment - Customer_0056,REF42648580,0.0,130.3,100515.14
2025-05-25,2025-05-25,Project payment - Customer_0052,REF66080614,0.0,85.05,100600.19
2025-05-25,2025-05-25,Payment from Customer_0008,REF52566394,0.0,82.07,100682.26
2025-05-25,2025-05-25,Invoice payment - Customer_0031,REF54140365,0.0,84.27,100766.53
2025-05-25,2025-05-25,Invoice payment - Customer_0093,REF79248652,0.0,51.89,100818.42
2025-05-25,2025-05-25,Project payment - Customer_0024,REF63303084,0.0,52.8,100871.22
2025-05-25,2025-05-25,Project payment - Customer_0077,REF89873739,0.0,91.22,100962.44
2025-05-25,2025-05-25,Payment from Customer_0080,REF12729299,0.0,160.37,101122.81
2025-05-26,2025-05-26,Service payment - Customer_0031,REF63070099,0.0,80.85,101203.66
2025-05-26,2025-05-26,Payment from Customer_0095,REF10053486,0.0,38.65,101242.31
2025-05-26,2025-05-26,Project payment - Customer_0026,REF38068454,0.0,33.82,101276.13
2025-05-26,2025-05-26,Invoice payment - Customer_0063,REF99216375,0.0,70.09,101346.22
2025-05-26,2025-05-26,Invoice payment - Customer_0097,REF38903511,0.0,50.78,101397.0
2025-05-26,2025-05-26,Invoice payment - Customer_0041,REF12308155,0.0,128.56,101525.56
2025-05-27,2025-05-27,Invoice payment - Customer_0062,REF55275407,0.0,88.92,101614.48
2025-05-27,2025-05-27,Invoice payment - Customer_0052,REF66406084,0.0,97.18,101711.66
2025-05-27,2025-05-27,Service payment - Customer_0006,REF48799624,0.0,101.67,101813.33
2025-05-27,2025-05-27,Project payment - Customer_0025,REF55885599,0.0,16.91,101830.24
2025-05-27,2025-05-27,Payment from Customer_0011,REF42879360,0.0,79.41,101909.65
2025-05-27,2025-05-27,Payment from Customer_0064,REF78446849,0.0,124.64,102034.29
2025-05-27,2025-05-27,Service payment - Customer_0090,REF29973872,0.0,83.16,102117.45
2025-05-27,2025-05-27,Invoice payment - Customer_0063,REF69301800,0.0,67.09,102184.54
2025-05-27,2025-05-27,Invoice payment - Customer_0020,REF56110179,0.0,101.98,102286.52
2025-05-27,2025-05-27,Project payment - Customer_0002,REF79386950,0.0,63.26,102349.78
2025-05-27,2025-05-27,Service payment - Customer_0099,REF66680890,0.0,67.84,102417.62
2025-05-27,2025-05-27,Invoice payment - Customer_0078,REF70566549,0.0,50.71,102468.33
2025-05-27,2025-05-27,Service payment - Customer_0016,REF14550135,0.0,10.97,102479.3
2025-05-27,2025-05-27,Invoice payment - Customer_0017,REF67837607,0.0,100.02,102579.32
2025-05-27,2025-05-27,Invoice payment - Customer_0034,REF33743351,0.0,189.86,102769.18
2025-05-28,2025-05-28,Invoice payment - Customer_0076,REF55139666,0.0,65.84,102835.02
2025-05-28,2025-05-28,Project payment - Customer_0092,REF25822728,0.0,41.17,102876.19
2025-05-28,2025-05-28,Invoice payment - Customer_0093,REF56180240,0.0,64.5,102940.69
2025-05-28,2025-05-28,Project payment - Customer_0021,REF41479440,0.0,98.68,103039.37
2025-05-28,2025-05-28,Service payment - Customer_0009,REF10733301,0.0,81.04,103120.41
2025-05-28,2025-05-28,Payment from Customer_0022,REF87996508,0.0,153.88,103274.29
2025-05-28,2025-05-28,Payment from Customer_0049,REF46280713,0.0,120.91,103395.2
2025-05-28,2025-05-28,Invoice payment - Customer_0036,REF87280983,0.0,57.53,103452.73
2025-05-28,2025-05-28,Project payment - Customer_0070,REF91952244,0.0,48.55,103501.28
2025-05-28,2025-05-28,Payment from Customer_0087,REF17799945,0.0,106.53,103607.81
2025-05-28,2025-05-28,Payment from Customer_0019,REF33220767,0.0,60.53,103668.34
2025-05-28,2025-05-28,Service payment - Customer_0034,REF70078898,0.0,168.2,103836.54
2025-05-28,2025-05-28,Service payment - Customer_0091,REF17912663,0.0,87.02,103923.56
2025-05-29,2025-05-29,Project payment - Customer_0053,REF45707505,0.0,101.94,104025.5
2025-05-29,2025-05-29,Service payment - Customer_0069,REF69233450,0.0,91.81,104117.31
2025-05-29,2025-05-29,Project payment - Customer_0019,REF97324695,0.0,66.75,104184.06
2025-05-29,2025-05-29,Employee payroll,REF98626920,1302.61,0.0,102881.45
2025-05-29,2025-05-29,Service payment - Customer_0038,REF88962498,0.0,141.34,103022.79
2025-05-29,2025-05-29,Service payment - Customer_0016,REF66852516,0.0,13.31,103036.1
2025-05-29,2025-05-29,Service payment - Customer_0099,REF11954430,0.0,78.09,103114.19
2025-05-29,2025-05-29,Payment from Customer_0001,REF75543009,0.0,90.28,103204.47
2025-05-29,2025-05-29,Invoice payment - Customer_0075,REF79371747,0.0,108.09,103312.56
2025-05-29,2025-05-29,Payment from Customer_0054,REF50440372,0.0,164.69,103477.25
2025-05-29,2025-05-29,Project payment - Customer_0000,REF95614094,0.0,234.18,103711.43
2025-05-29,2025-05-29,Service payment - Customer_0056,REF46843241,0.0,82.04,103793.47
2025-05-30,2025-05-30,Service payment - Customer_0053,REF18890035,0.0,113.13,103906.6
2025-05-30,2025-05-30,Payment from Customer_0023,REF48163911,0.0,149.16,104055.76
2025-05-30,2025-05-30,Project payment - Customer_0057,REF81514824,0.0,104.12,104159.88
2025-05-30,2025-05-30,Project payment - Customer_0097,REF31521012,0.0,51.83,104211.71
2025-05-30,2025-05-30,Project payment - Customer_0040,REF66366160,0.0,56.22,104267.93
2025-05-30,2025-05-30,Payment from Customer_0046,REF12303958,0.0,120.67,104388.6
2025-05-30,2025-05-30,Payment from Customer_0087,REF66109854,0.0,121.81,104510.41
2025-05-30,2025-05-30,Payment from Customer_0054,REF86753250,0.0,102.5,104612.91
2025-05-30,2025-05-30,Invoice payment - Customer_0020,REF24136150,0.0,71.13,104684.04
2025-05-31,2025-05-31,Invoice payment - Customer_0048,REF17444610,0.0,76.5,104760.54
2025-05-31,2025-05-31,Payment from Customer_0022,REF76609813,0.0,165.1,104925.64
2025-05-31,2025-05-31,Invoice payment - Customer_0063,REF70300120,0.0,49.76,104975.4
2025-05-31,2025-05-31,Service payment - Customer_0002,REF66270350,0.0,105.8,105081.2
2025-05-31,2025-05-31,Project payment - Customer_0054,REF83321875,0.0,122.64,105203.84
2025-05-31,2025-05-31,Invoice payment - Customer_0090,REF62952663,0.0,58.22,105262.06
2025-05-31,2025-05-31,Service payment - Customer_0055,REF75232369,0.0,110.76,105372.82
2025-05-31,2025-05-31,Payment from Customer_0074,REF57327760,0.0,42.05,105414.87
2025-05-31,2025-05-31,Project payment - Customer_0064,REF81247674,0.0,133.62,105548.49
2025-05-31,2025-05-31,Invoice payment - Customer_0087,REF31625145,0.0,138.68,105687.17
2025-05-31,2025-05-31,Service payment - Customer_0080,REF91754830,0.0,131.12,105818.29
2025-05-31,2025-05-31,Project payment - Customer_0009,REF51181574,0.0,57.54,105875.83
2025-05-31,2025-05-31,Invoice payment - Customer_0017,REF83389063,0.0,81.31,105957.14
2025-05-31,2025-05-31,Invoice payment - Customer_0093,REF55619307,0.0,61.54,106018.68
2025-06-01,2025-06-01,Monthly office rent,REF28084497,1202.39,0.0,104816.29
2025-06-01,2025-06-01,Payment from Customer_0055,REF25476475,0.0,107.75,104924.04
2025-06-01,2025-06-01,Service payment - Customer_0047,REF99610281,0.0,91.85,105015.89
2025-06-01,2025-06-01,Project payment - Customer_0027,REF66467749,0.0,37.27,105053.16
2025-06-01,2025-06-01,Invoice payment - Customer_0057,REF94078012,0.0,104.77,105157.93
2025-06-01,2025-06-01,Payment from Customer_0083,REF13628230,0.0,75.04,105232.97
2025-06-01,2025-06-01,Service payment - Customer_0025,REF29130250,0.0,15.99,105248.96
2025-06-01,2025-06-01,Invoice payment - Customer_0035,REF73667946,0.0,90.27,105339.23
2025-06-01,2025-06-01,Invoice payment - Customer_0045,REF76065000,0.0,216.96,105556.19
2025-06-01,2025-06-01,Invoice payment - Customer_0044,REF97332345,0.0,57.54,105613.73
2025-06-02,2025-06-02,Payment from Customer_0075,REF65760216,0.0,83.2,105696.93
2025-06-02,2025-06-02,Payment from Customer_0089,REF91389755,0.0,105.35,105802.28
2025-06-02,2025-06-02,Service payment - Customer_0030,REF15829625,0.0,46.04,105848.32
2025-06-02,2025-06-02,Invoice payment - Customer_0007,REF35503102,0.0,32.23,105880.55
2025-06-02,2025-06-02,Service payment - Customer_0061,REF11075555,0.0,57.24,105937.79
2025-06-03,2025-06-03,Invoice payment - Customer_0053,REF23772612,0.0,116.17,106053.96
2025-06-03,2025-06-03,Service payment - Customer_0027,REF66954211,0.0,32.04,106086.0
2025-06-03,2025-06-03,Service payment - Customer_0068,REF81113935,0.0,75.97,106161.97
2025-06-03,2025-06-03,Payment from Customer_0001,REF64619884,0.0,75.57,106237.54
2025-06-03,2025-06-03,Payment from Customer_0056,REF92636023,0.0,104.4,106341.94
2025-06-03,2025-06-03,Invoice payment - Customer_0035,REF72720401,0.0,83.97,106425.91
2025-06-03,2025-06-03,Employee payroll,REF92948966,2644.88,0.0,103781.03
2025-06-03,2025-06-03,Invoice payment - Customer_0040,REF28396758,0.0,60.92,103841.95
2025-06-03,2025-06-03,Service payment - Customer_0008,REF16559258,0.0,87.03,103928.98
2025-06-03,2025-06-03,Invoice payment - Customer_0024,REF66895220,0.0,52.26,103981.24
2025-06-03,2025-06-03,Invoice payment - Customer_0017,REF22888091,0.0,81.26,104062.5
2025-06-04,2025-06-04,Invoice payment - Customer_0099,REF31433240,0.0,51.86,104114.36
2025-06-04,2025-06-04,Project payment - Customer_0045,REF49061307,0.0,156.2,104270.56
2025-06-04,2025-06-04,Payment from Customer_0048,REF34453364,0.0,104.48,104375.04
2025-06-04,2025-06-04,Payment from Customer_0062,REF57937323,0.0,61.36,104436.4
2025-06-04,2025-06-04,Project payment - Customer_0001,REF48110971,0.0,78.24,104514.64
2025-06-04,2025-06-04,Payment from Customer_0087,REF82098853,0.0,117.72,104632.36
2025-06-04,2025-06-04,Invoice payment - Customer_0053,REF33803918,0.0,57.71,104690.07
2025-06-04,2025-06-04,Invoice payment - Customer_0059,REF51326370,0.0,10.0,104700.07
2025-06-04,2025-06-04,Project payment - Customer_0084,REF34166163,0.0,135.75,104835.82
2025-06-04,2025-06-04,Project payment - Customer_0011,REF83684685,0.0,58.09,104893.91
2025-06-05,2025-06-05,Payment from Customer_0011,REF31947800,0.0,59.57,104953.48
2025-06-05,2025-06-05,Invoice payment - Customer_0005,REF40416772,0.0,52.93,105006.41
2025-06-05,2025-06-05,Service payment - Customer_0020,REF51538606,0.0,74.5,105080.91
2025-06-05,2025-06-05,Invoice payment - Customer_0013,REF39603037,0.0,87.53,105168.44
2025-06-05,2025-06-05,Invoice payment - Customer_0080,REF91249103,0.0,140.91,105309.35
2025-06-05,2025-06-05,Invoice payment - Customer_0002,REF64090188,0.0,82.1,105391.45
2025-06-05,2025-06-05,Project payment - Customer_0015,REF64132373,0.0,26.57,105418.02
2025-06-05,2025-06-05,Project payment - Customer_0001,REF22896131,0.0,92.74,105510.76
2025-06-05,2025-06-05,Service payment - Customer_0033,REF15295315,0.0,138.75,105649.51
2025-06-05,2025-06-05,Payment from Customer_0052,REF64026992,0.0,90.32,105739.83
2025-06-05,2025-06-05,Payment from Customer_0095,REF25304055,0.0,34.35,105774.18
2025-06-06,2025-06-06,Payment from Customer_0032,REF10527121,0.0,78.41,105852.59
2025-06-06,2025-06-06,Project payment - Customer_0093,REF50735650,0.0,52.25,105904.84
2025-06-06,2025-06-06,Service payment - Customer_0039,REF35967093,0.0,93.56,105998.4
2025-06-06,2025-06-06,Payment from Customer_0007,REF82159505,0.0,60.79,106059.19
2025-06-06,2025-06-06,Invoice payment - Customer_0037,REF59767762,0.0,79.4,106138.59
2025-06-06,2025-06-06,Service payment - Customer_0033,REF64667881,0.0,131.99,106270.58
2025-06-06,2025-06-06,Payment from Customer_0046,REF47734812,0.0,100.18,106370.76
2025-06-06,2025-06-06,Project payment - Customer_0021,REF10078185,0.0,79.51,106450.27
2025-06-06,2025-06-06,Invoice payment - Customer_0070,REF70864846,0.0,39.33,106489.6
2025-06-07,2025-06-07,Service payment - Customer_0056,REF45005881,0.0,110.84,106600.44
2025-06-07,2025-06-07,Service payment - Customer_0014,REF68401401,0.0,11.18,106611.62
2025-06-07,2025-06-07,Professional Services expense,REF98120058,176.4,0.0,106435.22
2025-06-07,2025-06-07,Payment from Customer_0006,REF53535783,0.0,94.43,106529.65
2025-06-07,2025-06-07,Invoice payment - Customer_0098,REF50455365,0.0,73.16,106602.81
2025-06-07,2025-06-07,Project payment - Customer_0066,REF58377290,0.0,98.57,106701.38
2025-06-07,2025-06-07,Project payment - Customer_0043,REF29701663,0.0,99.81,106801.19
2025-06-07,2025-06-07,Service payment - Customer_0074,REF42107301,0.0,35.65,106836.84
2025-06-07,2025-06-07,Invoice payment - Customer_0052,REF59193857,0.0,70.72,106907.56
2025-06-07,2025-06-07,Payment from Customer_0084,REF97509614,0.0,113.09,107020.65
2025-06-07,2025-06-07,Payment from Customer_0076,REF87047661,0.0,80.77,107101.42
2025-06-07,2025-06-07,Project payment - Customer_0065,REF43653806,0.0,103.68,107205.1
2025-06-08,2025-06-08,Employee payroll,REF30528789,1552.98,0.0,105652.12
2025-06-08,2025-06-08,Service payment - Customer_0025,REF87700882,0.0,17.89,105670.01
2025-06-08,2025-06-08,Service payment - Customer_0055,REF16218055,0.0,97.46,105767.47
2025-06-08,2025-06-08,Invoice payment - Customer_0049,REF13981561,0.0,97.41,105864.88
2025-06-08,2025-06-08,Invoice payment - Customer_0072,REF54624702,0.0,62.0,105926.88
2025-06-08,2025-06-08,Project payment - Customer_0082,REF50572984,0.0,51.71,105978.59
2025-06-08,2025-06-08,Payment from Customer_0033,REF82795937,0.0,130.11,106108.7
2025-06-08,2025-06-08,Invoice payment - Customer_0069,REF86115326,0.0,69.82,106178.52
2025-06-08,2025-06-08,Payment from Customer_0013,REF98936571,0.0,69.04,106247.56
2025-06-08,2025-06-08,Project payment - Customer_0035,REF70965323,0.0,90.12,106337.68
2025-06-08,2025-06-08,Invoice payment - Customer_0016,REF83048722,0.0,14.47,106352.15
2025-06-08,2025-06-08,Project payment - Customer_0045,REF11649756,0.0,137.43,106489.58
2025-06-08,2025-06-08,Invoice payment - Customer_0022,REF25664549,0.0,150.65,106640.23
2025-06-09,2025-06-09,Payment from Customer_0031,REF77195548,0.0,55.79,106696.02
2025-06-09,2025-06-09,Payment from Customer_0040,REF18477737,0.0,66.35,106762.37
2025-06-09,2025-06-09,Invoice payment - Customer_0077,REF60590524,0.0,78.07,106840.44
2025-06-09,2025-06-09,Invoice payment - Customer_0012,REF87154209,0.0,126.67,106967.11
2025-06-09,2025-06-09,Invoice payment - Customer_0001,REF84530433,0.0,86.88,107053.99
2025-06-09,2025-06-09,Project payment - Customer_0008,REF68717581,0.0,60.8,107114.79
2025-06-09,2025-06-09,Invoice payment - Customer_0037,REF21404743,0.0,89.46,107204.25
2025-06-09,2025-06-09,Project payment - Customer_0087,REF82919706,0.0,105.18,107309.43
2025-06-09,2025-06-09,Project payment - Customer_0034,REF52867904,0.0,157.6,107467.03
2025-06-09,2025-06-09,Payment from Customer_0076,REF15120589,0.0,69.8,107536.83
2025-06-09,2025-06-09,Project payment - Customer_0060,REF86539932,0.0,41.91,107578.74
2025-06-09,2025-06-09,Project payment - Customer_0025,REF77660101,0.0,17.93,107596.67
2025-06-10,2025-06-10,Project payment - Customer_0076,REF24049624,0.0,70.69,107667.36
2025-06-10,2025-06-10,Invoice payment - Customer_0072,REF45874128,0.0,47.89,107715.25
2025-06-10,2025-06-10,Service payment - Customer_0010,REF14957796,0.0,152.02,107867.27
2025-06-10,2025-06-10,Project payment - Customer_0086,REF43238890,0.0,49.12,107916.39
2025-06-10,2025-06-10,Project payment - Customer_0013,REF74312668,0.0,73.35,107989.74
2025-06-10,2025-06-10,Project payment - Customer_0000,REF88562248,0.0,165.76,108155.5
2025-06-10,2025-06-10,Project payment - Customer_0084,REF98410480,0.0,163.54,108319.04
2025-06-11,2025-06-11,Project payment - Customer_0030,REF35825694,0.0,42.16,108361.2
2025-06-11,2025-06-11,Payment from Customer_0018,REF86647143,0.0,124.92,108486.12
2025-06-11,2025-06-11,Service payment - Customer_0045,REF69218582,0.0,181.13,108667.25
2025-06-11,2025-06-11,Project payment - Customer_0039,REF61346906,0.0,75.36,108742.61
2025-06-11,2025-06-11,Service payment - Customer_0036,REF64066120,0.0,40.86,108783.47
2025-06-11,2025-06-11,Project payment - Customer_0061,REF69290405,0.0,72.76,108856.23
2025-06-11,2025-06-11,Service payment - Customer_0047,REF75823859,0.0,84.1,108940.33
2025-06-11,2025-06-11,Project payment - Customer_0016,REF86964823,0.0,11.13,108951.46
2025-06-11,2025-06-11,Service payment - Customer_0033,REF93295744,0.0,136.62,109088.08
2025-06-12,2025-06-12,Project payment - Customer_0042,REF78479858,0.0,34.42,109122.5
2025-06-12,2025-06-12,Invoice payment - Customer_0048,REF63103559,0.0,102.54,109225.04
2025-06-12,2025-06-12,Payment from Customer_0035,REF70563276,0.0,110.29,109335.33
2025-06-12,2025-06-12,Payment from Customer_0084,REF97443060,0.0,96.48,109431.81
2025-06-12,2025-06-12,Service payment - Customer_0047,REF24787356,0.0,102.81,109534.62
2025-06-12,2025-06-12,Invoice payment - Customer_0085,REF10281384,0.0,45.38,109580.0
2025-06-12,2025-06-12,Invoice payment - Customer_0038,REF31834399,0.0,110.46,109690.46
2025-06-12,2025-06-12,Payment from Customer_0001,REF31666590,0.0,69.43,109759.89
2025-06-12,2025-06-12,Packaging Shipping expense,REF60620368,220.32,0.0,109539.57
2025-06-13,2025-06-13,Project payment - Customer_0022,REF82363067,0.0,141.41,109680.98
2025-06-13,2025-06-13,Service payment - Customer_0049,REF48691502,0.0,133.21,109814.19
2025-06-13,2025-06-13,Project payment - Customer_0008,REF68804155,0.0,73.97,109888.16
2025-06-13,2025-06-13,Invoice payment - Customer_0046,REF84175347,0.0,114.7,110002.86
2025-06-13,2025-06-13,Inventory purchase,REF86930430,4530.05,0.0,105472.81
2025-06-13,2025-06-13,Service payment - Customer_0024,REF64934836,0.0,25.92,105498.73
2025-06-13,2025-06-13,Service payment - Customer_0067,REF36730308,0.0,64.87,105563.6
2025-06-13,2025-06-13,Payment from Customer_0016,REF11775313,0.0,11.44,105575.04
2025-06-13,2025-06-13,Invoice payment - Customer_0005,REF46548478,0.0,41.05,105616.09
2025-06-13,2025-06-13,Project payment - Customer_0079,REF64750440,0.0,42.08,105658.17
2025-06-13,2025-06-13,Project payment - Customer_0088,REF91980013,0.0,85.5,105743.67
2025-06-13,2025-06-13,Project payment - Customer_0007,REF23417465,0.0,52.68,105796.35
2025-06-13,2025-06-13,Payment from Customer_0036,REF89094537,0.0,43.02,105839.37
2025-06-14,2025-06-14,Payment from Customer_0068,REF27620307,0.0,86.41,105925.78
2025-06-14,2025-06-14,Payment from Customer_0001,REF31721757,0.0,83.96,106009.74
2025-06-14,2025-06-14,Payment from Customer_0015,REF83904485,0.0,23.38,106033.12
2025-06-14,2025-06-14,Invoice payment - Customer_0002,REF27780823,0.0,103.58,106136.7
2025-06-15,2025-06-15,Project payment - Customer_0072,REF76242637,0.0,65.33,106202.03
2025-06-15,2025-06-15,Service payment - Customer_0043,REF84003604,0.0,142.91,106344.94
2025-06-15,2025-06-15,Project payment - Customer_0050,REF30660742,0.0,115.56,106460.5
2025-06-15,2025-06-15,Invoice payment - Customer_0010,REF13925260,0.0,151.5,106612.0
2025-06-15,2025-06-15,Project payment - Customer_0095,REF85524099,0.0,34.11,106646.11
2025-06-15,2025-06-15,Invoice payment - Customer_0016,REF39454327,0.0,13.1,106659.21
2025-06-15,2025-06-15,Service payment - Customer_0066,REF34867087,0.0,101.66,106760.87
2025-06-15,2025-06-15,Service payment - Customer_0019,REF10693769,0.0,53.37,106814.24
2025-06-15,2025-06-15,Invoice payment - Customer_0096,REF91260587,0.0,60.96,106875.2
2025-06-15,2025-06-15,Service payment - Customer_0009,REF57900006,0.0,78.69,106953.89
2025-06-15,2025-06-15,Payment from Customer_0000,REF33170806,0.0,152.0,107105.89
2025-06-15,2025-06-15,Service payment - Customer_0020,REF61489655,0.0,43.99,107149.88
2025-06-15,2025-06-15,Invoice payment - Customer_0014,REF22664537,0.0,11.62,107161.5
2025-06-15,2025-06-15,Business insurance premium,REF31053388,182.59,0.0,106978.91
2025-06-16,2025-06-16,Service payment - Customer_0050,REF60568886,0.0,113.44,107092.35
2025-06-16,2025-06-16,Payment from Customer_0018,REF78474356,0.0,122.75,107215.1
2025-06-16,2025-06-16,Payment from Customer_0028,REF68911142,0.0,45.46,107260.56
2025-06-16,2025-06-16,Service payment - Customer_0046,REF83969895,0.0,98.84,107359.4
2025-06-16,2025-06-16,Project payment - Customer_0077,REF50732292,0.0,80.74,107440.14
2025-06-16,2025-06-16,Project payment - Customer_0074,REF33314542,0.0,39.68,107479.82
2025-06-16,2025-06-16,Service payment - Customer_0005,REF94725970,0.0,36.33,107516.15
2025-06-17,2025-06-17,Service payment - Customer_0086,REF59208947,0.0,58.33,107574.48
2025-06-17,2025-06-17,Invoice payment - Customer_0073,REF33625310,0.0,46.58,107621.06
2025-06-17,2025-06-17,Project payment - Customer_0089,REF68665018,0.0,112.39,107733.45
2025-06-17,2025-06-17,Invoice payment - Customer_0001,REF83484557,0.0,69.96,107803.41
2025-06-17,2025-06-17,Payment from Customer_0092,REF65135441,0.0,40.32,107843.73
2025-06-17,2025-06-17,Project payment - Customer_0005,REF20121499,0.0,53.47,107897.2
2025-06-18,2025-06-18,Payment from Customer_0015,REF74369916,0.0,38.31,107935.51
2025-06-18,2025-06-18,Project payment - Customer_0034,REF58798711,0.0,150.85,108086.36
2025-06-18,2025-06-18,Project payment - Customer_0043,REF99957924,0.0,126.24,108212.6
2025-06-18,2025-06-18,Invoice payment - Customer_0054,REF87722467,0.0,135.43,108348.03
2025-06-18,2025-06-18,Service payment - Customer_0044,REF79210523,0.0,60.78,108408.81
2025-06-18,2025-06-18,Invoice payment - Customer_0009,REF21891117,0.0,59.76,108468.57
2025-06-18,2025-06-18,Service payment - Customer_0030,REF99136220,0.0,52.87,108521.44
2025-06-18,2025-06-18,Project payment - Customer_0035,REF87385781,0.0,76.22,108597.66
2025-06-18,2025-06-18,Service payment - Customer_0018,REF23027712,0.0,91.3,108688.96
2025-06-18,2025-06-18,Project payment - Customer_0022,REF94388008,0.0,148.43,108837.39
2025-06-19,2025-06-19,Service payment - Customer_0037,REF71894988,0.0,95.96,108933.35
2025-06-19,2025-06-19,Project payment - Customer_0046,REF35373414,0.0,94.18,109027.53
2025-06-19,2025-06-19,Payment from Customer_0056,REF39881194,0.0,84.99,109112.52
2025-06-19,2025-06-19,Service payment - Customer_0001,REF67022876,0.0,75.66,109188.18
2025-06-19,2025-06-19,Invoice payment - Customer_0098,REF27647084,0.0,78.62,109266.8
2025-06-19,2025-06-19,Payment from Customer_0045,REF65646351,0.0,161.19,109427.99
2025-06-19,2025-06-19,Project payment - Customer_0035,REF37734421,0.0,85.68,109513.67
2025-06-19,2025-06-19,Project payment - Customer_0011,REF32389348,0.0,61.13,109574.8
2025-06-20,2025-06-20,Invoice payment - Customer_0099,REF11977907,0.0,76.5,109651.3
2025-06-20,2025-06-20,Payment from Customer_0084,REF21924827,0.0,117.03,109768.33
2025-06-20,2025-06-20,Project payment - Customer_0098,REF72002836,0.0,84.12,109852.45
2025-06-20,2025-06-20,Payment from Customer_0032,REF46776511,0.0,87.13,109939.58
2025-06-20,2025-06-20,Project payment - Customer_0027,REF63846349,0.0,41.01,109980.59
2025-06-20,2025-06-20,Service payment - Customer_0036,REF71286380,0.0,41.05,110021.64
2025-06-21,2025-06-21,Payment from Customer_0087,REF77935297,0.0,109.52,110131.16
2025-06-21,2025-06-21,Invoice payment - Customer_0064,REF81363149,0.0,172.11,110303.27
2025-06-21,2025-06-21,Payment from Customer_0043,REF38135157,0.0,122.7,110425.97
2025-06-21,2025-06-21,Payment from Customer_0065,REF99547119,0.0,99.5,110525.47
2025-06-22,2025-06-22,Project payment - Customer_0042,REF45295839,0.0,38.0,110563.47
2025-06-22,2025-06-22,Project payment - Customer_0013,REF43987937,0.0,75.95,110639.42
2025-06-22,2025-06-22,Invoice payment - Customer_0004,REF28434462,0.0,89.19,110728.61
2025-06-22,2025-06-22,Invoice payment - Customer_0007,REF52414345,0.0,54.58,110783.19
2025-06-22,2025-06-22,Project payment - Customer_0093,REF69070088,0.0,58.68,110841.87
2025-06-22,2025-06-22,Utility bill payment,REF98848835,172.51,0.0,110669.36
2025-06-22,2025-06-22,Payment from Customer_0037,REF22581008,0.0,101.62,110770.98
2025-06-22,2025-06-22,Payment from Customer_0092,REF13315585,0.0,41.9,110812.88
2025-06-22,2025-06-22,Service payment - Customer_0000,REF21268657,0.0,158.85,110971.73
2025-06-22,2025-06-22,Service payment - Customer_0083,REF72655911,0.0,46.12,111017.85
2025-06-23,2025-06-23,Payment from Customer_0099,REF58925658,0.0,58.42,111076.27
2025-06-23,2025-06-23,Invoice payment - Customer_0071,REF60164197,0.0,158.96,111235.23
2025-06-23,2025-06-23,Service payment - Customer_0089,REF99141561,0.0,70.98,111306.21
2025-06-23,2025-06-23,Payment from Customer_0056,REF39304626,0.0,96.44,111402.65
2025-06-23,2025-06-23,Payment from Customer_0086,REF49649995,0.0,71.27,111473.92
2025-06-23,2025-06-23,Invoice payment - Customer_0062,REF43984089,0.0,70.06,111543.98
2025-06-23,2025-06-23,Service payment - Customer_0073,REF14509709,0.0,47.6,111591.58
2025-06-23,2025-06-23,Payment from Customer_0009,REF57422885,0.0,62.87,111654.45
2025-06-24,2025-06-24,Service payment - Customer_0025,REF56309420,0.0,14.06,111668.51
2025-06-24,2025-06-24,Project payment - Customer_0088,REF15230388,0.0,102.57,111771.08
2025-06-24,2025-06-24,Service payment - Customer_0061,REF55041738,0.0,53.45,111824.53
2025-06-24,2025-06-24,Project payment - Customer_0058,REF46514092,0.0,57.83,111882.36
2025-06-24,2025-06-24,Project payment - Customer_0021,REF95565581,0.0,70.33,111952.69
2025-06-24,2025-06-24,Project payment - Customer_0001,REF14316128,0.0,73.44,112026.13
2025-06-24,2025-06-24,Project payment - Customer_0033,REF53174158,0.0,124.58,112150.71
2025-06-24,2025-06-24,Service payment - Customer_0013,REF91199662,0.0,69.63,112220.34
2025-06-24,2025-06-24,Project payment - Customer_0086,REF65930816,0.0,71.74,112292.08
2025-06-24,2025-06-24,Payment from Customer_0014,REF35312778,0.0,10.86,112302.94
2025-06-25,2025-06-25,Service payment - Customer_0010,REF90025239,0.0,137.67,112440.61
2025-06-25,2025-06-25,Payment from Customer_0096,REF25899554,0.0,77.76,112518.37
2025-06-25,2025-06-25,Project payment - Customer_0082,REF25641242,0.0,48.42,112566.79
2025-06-25,2025-06-25,Payment from Customer_0037,REF92446435,0.0,87.13,112653.92
2025-06-25,2025-06-25,Project payment - Customer_0095,REF11975430,0.0,37.35,112691.27
2025-06-25,2025-06-25,Payment from Customer_0051,REF68996846,0.0,76.12,112767.39
2025-06-25,2025-06-25,Project payment - Customer_0057,REF14956388,0.0,102.76,112870.15
2025-06-25,2025-06-25,Payment from Customer_0078,REF95504285,0.0,45.02,112915.17
2025-06-26,2025-06-26,Invoice payment - Customer_0044,REF19192021,0.0,52.69,112967.86
2025-06-26,2025-06-26,Payment from Customer_0052,REF68018389,0.0,77.69,113045.55
2025-06-26,2025-06-26,Project payment - Customer_0021,REF64648389,0.0,73.33,113118.88
2025-06-26,2025-06-26,Invoice payment - Customer_0068,REF48796993,0.0,81.23,113200.11
2025-06-26,2025-06-26,Payment from Customer_0045,REF74480296,0.0,200.46,113400.57
2025-06-26,2025-06-26,Project payment - Customer_0050,REF91821833,0.0,83.85,113484.42
2025-06-26,2025-06-26,Service payment - Customer_0046,REF13459034,0.0,138.44,113622.86
2025-06-26,2025-06-26,Project payment - Customer_0033,REF25849447,0.0,123.97,113746.83
2025-06-26,2025-06-26,Service payment - Customer_0023,REF84011339,0.0,133.2,113880.03
2025-06-27,2025-06-27,Payment from Customer_0013,REF50955316,0.0,63.47,113943.5
2025-06-27,2025-06-27,Invoice payment - Customer_0011,REF99713744,0.0,69.11,114012.61
2025-06-27,2025-06-27,Project payment - Customer_0071,REF50855480,0.0,217.96,114230.57
2025-06-27,2025-06-27,Service payment - Customer_0041,REF30007058,0.0,119.64,114350.21
2025-06-27,2025-06-27,Payment from Customer_0044,REF28450851,0.0,45.26,114395.47
2025-06-27,2025-06-27,Invoice payment - Customer_0043,REF36256968,0.0,104.54,114500.01
2025-06-27,2025-06-27,Payment from Customer_0034,REF49507062,0.0,134.58,114634.59
2025-06-27,2025-06-27,Service payment - Customer_0026,REF95203003,0.0,33.81,114668.4
2025-06-27,2025-06-27,Project payment - Customer_0079,REF32955335,0.0,54.57,114722.97
2025-06-27,2025-06-27,Project payment - Customer_0005,REF67416623,0.0,43.55,114766.52
2025-06-27,2025-06-27,Payment from Customer_0053,REF41118907,0.0,91.23,114857.75
2025-06-27,2025-06-27,Payment from Customer_0087,REF56213662,0.0,106.71,114964.46
2025-06-28,2025-06-28,Project payment - Customer_0071,REF19829740,0.0,198.26,115162.72
2025-06-28,2025-06-28,Payment from Customer_0014,REF88561407,0.0,10.0,115172.72
2025-06-28,2025-06-28,Invoice payment - Customer_0092,REF60587763,0.0,39.33,115212.05
2025-06-28,2025-06-28,Invoice payment - Customer_0083,REF94534577,0.0,87.91,115299.96
2025-06-28,2025-06-28,Invoice payment - Customer_0031,REF35325032,0.0,77.56,115377.52
2025-06-28,2025-06-28,Project payment - Customer_0026,REF20786392,0.0,41.59,115419.11
2025-06-28,2025-06-28,Service payment - Customer_0078,REF87693086,0.0,34.34,115453.45
2025-06-28,2025-06-28,Project payment - Customer_0090,REF55209863,0.0,56.66,115510.11
2025-06-28,2025-06-28,Project payment - Customer_0075,REF43900534,0.0,101.11,115611.22
2025-06-29,2025-06-29,Payment from Customer_0077,REF63129482,0.0,72.47,115683.69
2025-06-29,2025-06-29,Project payment - Customer_0018,REF50203242,0.0,122.16,115805.85
2025-06-29,2025-06-29,Invoice payment - Customer_0020,REF37337934,0.0,72.03,115877.88
2025-06-29,2025-06-29,Project payment - Customer_0050,REF69608530,0.0,107.89,115985.77
2025-06-29,2025-06-29,Service payment - Customer_0033,REF82538229,0.0,116.36,116102.13
2025-06-29,2025-06-29,Payment from Customer_0083,REF76774212,0.0,69.37,116171.5
2025-06-29,2025-06-29,Service payment - Customer_0089,REF23050031,0.0,110.37,116281.87
2025-06-29,2025-06-29,Service payment - Customer_0062,REF69777711,0.0,64.35,116346.22
2025-06-30,2025-06-30,Service payment - Customer_0092,REF30748093,0.0,40.56,116386.78
2025-06-30,2025-06-30,Payment from Customer_0018,REF88309582,0.0,91.23,116478.01
2025-06-30,2025-06-30,Project payment - Customer_0070,REF55061213,0.0,50.58,116528.59
2025-06-30,2025-06-30,Service payment - Customer_0033,REF45267409,0.0,98.77,116627.36
2025-06-30,2025-06-30,Invoice payment - Customer_0014,REF21187333,0.0,12.24,116639.6
2025-06-30,2025-06-30,Service payment - Customer_0094,REF74614104,0.0,117.67,116757.27
2025-06-30,2025-06-30,Payment from Customer_0089,REF68786657,0.0,77.48,116834.75
2025-06-30,2025-06-30,Invoice payment - Customer_0000,REF65692707,0.0,152.77,116987.52
2025-07-01,2025-07-01,Invoice payment - Customer_0069,REF66192936,0.0,61.84,117049.36
2025-07-01,2025-07-01,Project payment - Customer_0061,REF50926404,0.0,43.29,117092.65
2025-07-01,2025-07-01,Project payment - Customer_0097,REF87933907,0.0,44.4,117137.05
2025-07-01,2025-07-01,Invoice payment - Customer_0086,REF23346942,0.0,74.73,117211.78
2025-07-01,2025-07-01,Monthly office rent,REF34155982,1253.82,0.0,115957.96
2025-07-02,2025-07-02,Payment from Customer_0045,REF56725376,0.0,165.07,116123.03
2025-07-02,2025-07-02,Service payment - Customer_0090,REF58904353,0.0,61.12,116184.15
2025-07-02,2025-07-02,Invoice payment - Customer_0056,REF60096283,0.0,84.78,116268.93
2025-07-02,2025-07-02,Project payment - Customer_0033,REF84255702,0.0,150.09,116419.02
2025-07-02,2025-07-02,Payment from Customer_0036,REF24969146,0.0,46.13,116465.15
2025-07-02,2025-07-02,Payment from Customer_0039,REF92447359,0.0,72.19,116537.34
2025-07-03,2025-07-03,Invoice payment - Customer_0032,REF52814022,0.0,80.28,116617.62
2025-07-03,2025-07-03,Invoice payment - Customer_0028,REF59605908,0.0,67.25,116684.87
2025-07-03,2025-07-03,Invoice payment - Customer_0065,REF96777930,0.0,93.44,116778.31
2025-07-03,2025-07-03,Service payment - Customer_0017,REF20293784,0.0,61.45,116839.76
2025-07-03,2025-07-03,Project payment - Customer_0024,REF14636148,0.0,41.92,116881.68
2025-07-03,2025-07-03,Project payment - Customer_0086,REF29233699,0.0,53.71,116935.39
2025-07-03,2025-07-03,Service payment - Customer_0050,REF29777502,0.0,146.36,117081.75
2025-07-03,2025-07-03,Payment from Customer_0006,REF36095581,0.0,94.38,117176.13
2025-07-03,2025-07-03,Payment from Customer_0051,REF63170450,0.0,108.68,117284.81
2025-07-03,2025-07-03,Payment from Customer_0023,REF86774512,0.0,115.2,117400.01
2025-07-03,2025-07-03,Invoice payment - Customer_0044,REF84990212,0.0,60.44,117460.45
2025-07-03,2025-07-03,Project payment - Customer_0004,REF70511685,0.0,92.96,117553.41
2025-07-03,2025-07-03,Project payment - Customer_0094,REF81067252,0.0,111.23,117664.64
2025-07-03,2025-07-03,Service payment - Customer_0014,REF43665435,0.0,10.0,117674.64
2025-07-03,2025-07-03,Payment from Customer_0034,REF40012395,0.0,149.42,117824.06
2025-07-03,2025-07-03,Service payment - Customer_0052,REF40207897,0.0,63.12,117887.18
2025-07-04,2025-07-04,Project payment - Customer_0027,REF70205352,0.0,42.03,117929.21
2025-07-04,2025-07-04,Payment from Customer_0085,REF70959071,0.0,33.91,117963.12
2025-07-04,2025-07-04,Payment from Customer_0096,REF79898971,0.0,77.77,118040.89
2025-07-04,2025-07-04,Payment from Customer_0042,REF98210509,0.0,35.17,118076.06
2025-07-04,2025-07-04,Invoice payment - Customer_0073,REF19700790,0.0,33.38,118109.44
2025-07-04,2025-07-04,Invoice payment - Customer_0083,REF11186010,0.0,70.88,118180.32
2025-07-04,2025-07-04,Project payment - Customer_0071,REF38355655,0.0,209.3,118389.62
2025-07-04,2025-07-04,Invoice payment - Customer_0005,REF70155117,0.0,46.82,118436.44
2025-07-05,2025-07-05,Service payment - Customer_0086,REF83689516,0.0,78.55,118514.99
2025-07-05,2025-07-05,Service payment - Customer_0015,REF37684322,0.0,29.72,118544.71
2025-07-05,2025-07-05,Payment from Customer_0099,REF45911728,0.0,56.86,118601.57
2025-07-05,2025-07-05,Service payment - Customer_0020,REF76978976,0.0,69.33,118670.9
2025-07-05,2025-07-05,Invoice payment - Customer_0010,REF92061591,0.0,133.88,118804.78
2025-07-05,2025-07-05,Payment from Customer_0066,REF82826622,0.0,85.6,118890.38
2025-07-05,2025-07-05,Project payment - Customer_0043,REF17673759,0.0,126.46,119016.84
2025-07-05,2025-07-05,Project payment - Customer_0096,REF78213240,0.0,62.47,119079.31
2025-07-05,2025-07-05,Invoice payment - Customer_0084,REF99795735,0.0,124.82,119204.13
2025-07-06,2025-07-06,Payment from Customer_0085,REF95881418,0.0,42.59,119246.72
2025-07-06,2025-07-06,Payment from Customer_0000,REF45167326,0.0,133.24,119379.96
2025-07-06,2025-07-06,Invoice payment - Customer_0010,REF24596630,0.0,108.95,119488.91
2025-07-06,2025-07-06,Invoice payment - Customer_0072,REF69780947,0.0,50.99,119539.9
2025-07-07,2025-07-07,Project payment - Customer_0042,REF64878484,0.0,42.68,119582.58
2025-07-07,2025-07-07,Project payment - Customer_0083,REF69902844,0.0,62.28,119644.86
2025-07-07,2025-07-07,Service payment - Customer_0023,REF50062814,0.0,119.92,119764.78
2025-07-07,2025-07-07,Invoice payment - Customer_0058,REF62491532,0.0,50.13,119814.91
2025-07-07,2025-07-07,Invoice payment - Customer_0050,REF31520098,0.0,113.91,119928.82
2025-07-07,2025-07-07,Payment from Customer_0019,REF70632646,0.0,63.7,119992.52
2025-07-07,2025-07-07,Payment from Customer_0079,REF18848678,0.0,60.64,120053.16
2025-07-08,2025-07-08,Service payment - Customer_0049,REF69275297,0.0,110.67,120163.83
2025-07-08,2025-07-08,Project payment - Customer_0079,REF23841456,0.0,59.28,120223.11
2025-07-08,2025-07-08,Payment from Customer_0045,REF92990063,0.0,199.45,120422.56
2025-07-08,2025-07-08,Service payment - Customer_0008,REF66950707,0.0,85.73,120508.29
2025-07-08,2025-07-08,Payment from Customer_0061,REF14951699,0.0,55.79,120564.08
2025-07-08,2025-07-08,Service payment - Customer_0088,REF49537067,0.0,76.4,120640.48
2025-07-08,2025-07-08,Invoice payment - Customer_0033,REF11504148,0.0,103.96,120744.44
2025-07-08,2025-07-08,Project payment - Customer_0048,REF79807442,0.0,92.06,120836.5
2025-07-08,2025-07-08,Service payment - Customer_0001,REF48320509,0.0,59.58,120896.08
2025-07-08,2025-07-08,Service payment - Customer_0014,REF26107118,0.0,10.0,120906.08
2025-07-08,2025-07-08,Invoice payment - Customer_0050,REF13686472,0.0,137.68,121043.76
2025-07-08,2025-07-08,Service payment - Customer_0068,REF11913023,0.0,92.77,121136.53
2025-07-09,2025-07-09,Service payment - Customer_0079,REF61944543,0.0,61.51,121198.04
2025-07-09,2025-07-09,Service payment - Customer_0058,REF28053537,0.0,51.45,121249.49
2025-07-09,2025-07-09,Payment from Customer_0022,REF96478489,0.0,117.63,121367.12
2025-07-09,2025-07-09,Payment from Customer_0091,REF74596925,0.0,106.75,121473.87
2025-07-09,2025-07-09,Payment from Customer_0027,REF77878907,0.0,34.77,121508.64
2025-07-10,2025-07-10,Service payment - Customer_0046,REF25385850,0.0,118.7,121627.34
2025-07-10,2025-07-10,Employee payroll,REF73013810,1948.71,0.0,119678.63
2025-07-10,2025-07-10,Payment from Customer_0019,REF44598365,0.0,45.59,119724.22
2025-07-10,2025-07-10,Payment from Customer_0099,REF69181943,0.0,56.52,119780.74
2025-07-10,2025-07-10,Payment from Customer_0071,REF22806642,0.0,179.28,119960.02
2025-07-10,2025-07-10,Project payment - Customer_0047,REF95388238,0.0,98.19,120058.21
2025-07-10,2025-07-10,Project payment - Customer_0062,REF52550136,0.0,71.16,120129.37
2025-07-10,2025-07-10,Project payment - Customer_0034,REF97845582,0.0,133.44,120262.81
2025-07-10,2025-07-10,Service payment - Customer_0006,REF37450137,0.0,89.63,120352.44
2025-07-11,2025-07-11,Project payment - Customer_0074,REF10644038,0.0,26.74,120379.18
2025-07-11,2025-07-11,Invoice payment - Customer_0093,REF13112115,0.0,47.04,120426.22
2025-07-11,2025-07-11,Project payment - Customer_0023,REF52584701,0.0,109.64,120535.86
2025-07-11,2025-07-11,Professional Services expense,REF60044534,107.46,0.0,120428.4
2025-07-11,2025-07-11,Invoice payment - Customer_0008,REF48969209,0.0,95.12,120523.52
2025-07-11,2025-07-11,Project payment - Customer_0014,REF40847938,0.0,10.29,120533.81
2025-07-11,2025-07-11,Service payment - Customer_0032,REF23243191,0.0,62.04,120595.85
2025-07-12,2025-07-12,Invoice payment - Customer_0028,REF35153443,0.0,43.45,120639.3
2025-07-12,2025-07-12,Payment from Customer_0038,REF56039839,0.0,85.01,120724.31
2025-07-12,2025-07-12,Service payment - Customer_0092,REF70631300,0.0,38.41,120762.72
2025-07-12,2025-07-12,Invoice payment - Customer_0057,REF82242457,0.0,104.44,120867.16
2025-07-12,2025-07-12,Service payment - Customer_0004,REF80123784,0.0,106.58,120973.74
2025-07-12,2025-07-12,Project payment - Customer_0033,REF40917363,0.0,109.4,121083.14
2025-07-12,2025-07-12,Invoice payment - Customer_0070,REF58110887,0.0,45.23,121128.37
2025-07-12,2025-07-12,Service payment - Customer_0023,REF11687662,0.0,113.14,121241.51
2025-07-12,2025-07-12,Employee payroll,REF55010312,3199.52,0.0,118041.99
2025-07-12,2025-07-12,Payment from Customer_0066,REF57011938,0.0,70.11,118112.1
2025-07-13,2025-07-13,Service payment - Customer_0052,REF18930226,0.0,50.38,118162.48
2025-07-13,2025-07-13,Service payment - Customer_0094,REF60502211,0.0,123.83,118286.31
2025-07-13,2025-07-13,Service payment - Customer_0069,REF40938000,0.0,72.21,118358.52
2025-07-13,2025-07-13,Project payment - Customer_0049,REF82374762,0.0,109.12,118467.64
2025-07-13,2025-07-13,Invoice payment - Customer_0004,REF31736274,0.0,145.55,118613.19
2025-07-13,2025-07-13,Service payment - Customer_0080,REF56238954,0.0,129.65,118742.84
2025-07-13,2025-07-13,Project payment - Customer_0058,REF84122969,0.0,43.25,118786.09
2025-07-14,2025-07-14,Payment from Customer_0096,REF40954484,0.0,61.65,118847.74
2025-07-14,2025-07-14,Inventory purchase,REF86551109,2774.98,0.0,116072.76
2025-07-14,2025-07-14,Invoice payment - Customer_0033,REF62724757,0.0,102.8,116175.56
2025-07-14,2025-07-14,Invoice payment - Customer_0058,REF31575712,0.0,68.01,116243.57
2025-07-14,2025-07-14,Payment from Customer_0029,REF76756954,0.0,94.79,116338.36
2025-07-15,2025-07-15,Payment from Customer_0029,REF16213143,0.0,48.5,116386.86
2025-07-15,2025-07-15,Service payment - Customer_0051,REF16856714,0.0,105.25,116492.11
2025-07-15,2025-07-15,Invoice payment - Customer_0033,REF15341041,0.0,127.34,116619.45
2025-07-15,2025-07-15,Invoice payment - Customer_0034,REF23128901,0.0,146.07,116765.52
2025-07-15,2025-07-15,Payment from Customer_0056,REF37617896,0.0,95.24,116860.76
2025-07-15,2025-07-15,Invoice payment - Customer_0049,REF52999686,0.0,123.96,116984.72
2025-07-15,2025-07-15,Invoice payment - Customer_0044,REF99804364,0.0,60.2,117044.92
2025-07-15,2025-07-15,Payment from Customer_0079,REF85541292,0.0,42.43,117087.35
2025-07-15,2025-07-15,Business insurance premium,REF16224616,180.16,0.0,116907.19
2025-07-15,2025-07-15,Project payment - Customer_0057,REF47751325,0.0,89.41,116996.6
2025-07-15,2025-07-15,Service payment - Customer_0096,REF10843256,0.0,61.26,117057.86
2025-07-15,2025-07-15,Project payment - Customer_0020,REF68167782,0.0,64.33,117122.19
2025-07-15,2025-07-15,Payment from Customer_0030,REF72729100,0.0,38.34,117160.53
2025-07-15,2025-07-15,Service payment - Customer_0080,REF79312263,0.0,142.63,117303.16
2025-07-16,2025-07-16,Payment from Customer_0068,REF56585813,0.0,88.74,117391.9
2025-07-16,2025-07-16,Invoice payment - Customer_0032,REF81879920,0.0,70.72,117462.62
2025-07-16,2025-07-16,Invoice payment - Customer_0054,REF24947361,0.0,126.06,117588.68
2025-07-16,2025-07-16,Project payment - Customer_0095,REF75154336,0.0,36.23,117624.91
2025-07-16,2025-07-16,Payment from Customer_0047,REF99598268,0.0,65.48,117690.39
2025-07-16,2025-07-16,Service payment - Customer_0007,REF90971740,0.0,53.0,117743.39
2025-07-17,2025-07-17,Project payment - Customer_0044,REF15714112,0.0,57.54,117800.93
2025-07-17,2025-07-17,Payment from Customer_0066,REF28592333,0.0,76.99,117877.92
2025-07-17,2025-07-17,Payment from Customer_0017,REF45954382,0.0,63.32,117941.24
2025-07-17,2025-07-17,Project payment - Customer_0067,REF15513528,0.0,74.84,118016.08
2025-07-17,2025-07-17,Project payment - Customer_0027,REF82892701,0.0,28.22,118044.3
2025-07-18,2025-07-18,Payment from Customer_0058,REF91031046,0.0,55.9,118100.2
2025-07-18,2025-07-18,Service payment - Customer_0016,REF13593116,0.0,10.0,118110.2
2025-07-18,2025-07-18,Project payment - Customer_0098,REF93713774,0.0,97.61,118207.81
2025-07-18,2025-07-18,Project payment - Customer_0040,REF36476797,0.0,67.58,118275.39
2025-07-18,2025-07-18,Project payment - Customer_0014,REF73091871,0.0,10.32,118285.71
2025-07-18,2025-07-18,Service payment - Customer_0078,REF62497385,0.0,48.72,118334.43
2025-07-18,2025-07-18,Project payment - Customer_0093,REF98029859,0.0,62.73,118397.16
2025-07-18,2025-07-18,Service payment - Customer_0003,REF63960370,0.0,88.12,118485.28
2025-07-18,2025-07-18,Payment from Customer_0095,REF37102059,0.0,30.67,118515.95
2025-07-18,2025-07-18,Invoice payment - Customer_0096,REF86167816,0.0,77.89,118593.84
2025-07-18,2025-07-18,Project payment - Customer_0038,REF94620417,0.0,119.19,118713.03
2025-07-19,2025-07-19,Service payment - Customer_0067,REF95660111,0.0,47.23,118760.26
2025-07-19,2025-07-19,Invoice payment - Customer_0027,REF25546832,0.0,38.43,118798.69
2025-07-19,2025-07-19,Project payment - Customer_0066,REF79327075,0.0,75.43,118874.12
2025-07-19,2025-07-19,Service payment - Customer_0039,REF64829695,0.0,69.22,118943.34
2025-07-19,2025-07-19,Payment from Customer_0090,REF62833957,0.0,73.34,119016.68
2025-07-19,2025-07-19,Payment from Customer_0024,REF89994586,0.0,54.9,119071.58
2025-07-19,2025-07-19,Payment from Customer_0058,REF22297948,0.0,43.35,119114.93
2025-07-19,2025-07-19,Invoice payment - Customer_0089,REF72303887,0.0,85.59,119200.52
2025-07-19,2025-07-19,Service payment - Customer_0078,REF58249824,0.0,50.58,119251.1
2025-07-19,2025-07-19,Payment from Customer_0080,REF25106855,0.0,156.7,119407.8
2025-07-19,2025-07-19,Service payment - Customer_0015,REF92482917,0.0,29.39,119437.19
2025-07-19,2025-07-19,Service payment - Customer_0052,REF23230304,0.0,64.75,119501.94
2025-07-19,2025-07-19,Project payment - Customer_0011,REF51429919,0.0,59.37,119561.31
2025-07-19,2025-07-19,Invoice payment - Customer_0076,REF18264792,0.0,85.45,119646.76
2025-07-19,2025-07-19,Project payment - Customer_0038,REF78139862,0.0,100.88,119747.64
2025-07-20,2025-07-20,Marketing expenses,REF13255115,391.05,0.0,119356.59
2025-07-20,2025-07-20,Project payment - Customer_0044,REF55157473,0.0,34.62,119391.21
2025-07-20,2025-07-20,Project payment - Customer_0079,REF56260855,0.0,51.26,119442.47
2025-07-20,2025-07-20,Professional Services expense,REF79656452,216.41,0.0,119226.06
2025-07-20,2025-07-20,Invoice payment - Customer_0022,REF38051993,0.0,134.62,119360.68
2025-07-20,2025-07-20,Invoice payment - Customer_0021,REF88526019,0.0,80.99,119441.67
2025-07-20,2025-07-20,Invoice payment - Customer_0059,REF79188927,0.0,10.0,119451.67
2025-07-20,2025-07-20,Invoice payment - Customer_0065,REF54949799,0.0,98.69,119550.36
2025-07-21,2025-07-21,Service payment - Customer_0054,REF68698359,0.0,151.15,119701.51
2025-07-21,2025-07-21,Invoice payment - Customer_0024,REF16157984,0.0,61.54,119763.05
2025-07-21,2025-07-21,Service payment - Customer_0079,REF78124132,0.0,49.42,119812.47
2025-07-21,2025-07-21,Service payment - Customer_0082,REF63790377,0.0,40.99,119853.46
2025-07-21,2025-07-21,Payment from Customer_0072,REF34065085,0.0,52.98,119906.44
2025-07-21,2025-07-21,Payment from Customer_0078,REF55565918,0.0,39.17,119945.61
2025-07-21,2025-07-21,Payment from Customer_0049,REF73750049,0.0,105.92,120051.53
2025-07-21,2025-07-21,Project payment - Customer_0011,REF64968312,0.0,64.51,120116.04
2025-07-21,2025-07-21,Payment from Customer_0010,REF45579106,0.0,132.6,120248.64
2025-07-21,2025-07-21,Payment from Customer_0065,REF23521272,0.0,78.48,120327.12
2025-07-21,2025-07-21,Payment from Customer_0006,REF96978351,0.0,68.18,120395.3
2025-07-21,2025-07-21,Service payment - Customer_0091,REF27117236,0.0,71.94,120467.24
2025-07-22,2025-07-22,Utility bill payment,REF65601466,160.07,0.0,120307.17
2025-07-22,2025-07-22,Payment from Customer_0008,REF22646236,0.0,90.0,120397.17
2025-07-22,2025-07-22,Project payment - Customer_0025,REF65838934,0.0,20.05,120417.22
2025-07-22,2025-07-22,Project payment - Customer_0075,REF81985636,0.0,116.47,120533.69
2025-07-22,2025-07-22,Project payment - Customer_0070,REF79616620,0.0,40.76,120574.45
2025-07-22,2025-07-22,Project payment - Customer_0065,REF30967290,0.0,88.67,120663.12
2025-07-23,2025-07-23,Service payment - Customer_0097,REF91371504,0.0,38.02,120701.14
2025-07-23,2025-07-23,Payment from Customer_0048,REF54269808,0.0,86.87,120788.01
2025-07-23,2025-07-23,Project payment - Customer_0072,REF31976345,0.0,60.86,120848.87
2025-07-23,2025-07-23,Invoice payment - Customer_0079,REF16591966,0.0,53.48,120902.35
2025-07-24,2025-07-24,Payment from Customer_0035,REF52221488,0.0,93.7,120996.05
2025-07-24,2025-07-24,Invoice payment - Customer_0089,REF18639413,0.0,58.73,121054.78
2025-07-24,2025-07-24,Invoice payment - Customer_0039,REF84027861,0.0,47.83,121102.61
2025-07-24,2025-07-24,Invoice payment - Customer_0083,REF56198497,0.0,80.6,121183.21
2025-07-24,2025-07-24,Project payment - Customer_0076,REF30346987,0.0,75.46,121258.67
2025-07-24,2025-07-24,Payment from Customer_0010,REF80869817,0.0,160.74,121419.41
2025-07-24,2025-07-24,Service payment - Customer_0057,REF89890913,0.0,97.34,121516.75
2025-07-24,2025-07-24,Payment from Customer_0034,REF24334000,0.0,157.96,121674.71
2025-07-24,2025-07-24,Payment from Customer_0023,REF79929618,0.0,102.42,121777.13
2025-07-24,2025-07-24,Project payment - Customer_0043,REF14461153,0.0,123.53,121900.66
2025-07-25,2025-07-25,Payment from Customer_0040,REF66760581,0.0,71.51,121972.17
2025-07-25,2025-07-25,Invoice payment - Customer_0080,REF33729291,0.0,170.19,122142.36
2025-07-25,2025-07-25,Payment from Customer_0082,REF48136430,0.0,44.36,122186.72
2025-07-25,2025-07-25,Project payment - Customer_0076,REF47325782,0.0,64.75,122251.47
2025-07-25,2025-07-25,Inventory purchase,REF18145760,3590.08,0.0,118661.39
2025-07-25,2025-07-25,Payment from Customer_0013,REF20427425,0.0,78.76,118740.15
2025-07-25,2025-07-25,Invoice payment - Customer_0085,REF74288902,0.0,28.6,118768.75
2025-07-25,2025-07-25,Invoice payment - Customer_0055,REF51230123,0.0,125.38,118894.13
2025-07-25,2025-07-25,Project payment - Customer_0079,REF20704743,0.0,53.95,118948.08
2025-07-25,2025-07-25,Project payment - Customer_0026,REF17538067,0.0,33.58,118981.66
2025-07-25,2025-07-25,Payment from Customer_0035,REF29971674,0.0,88.63,119070.29
2025-07-25,2025-07-25,Project payment - Customer_0059,REF38043866,0.0,10.0,119080.29
2025-07-25,2025-07-25,Project payment - Customer_0094,REF77504891,0.0,150.54,119230.83
2025-07-25,2025-07-25,Payment from Customer_0075,REF53704214,0.0,104.58,119335.41
2025-07-26,2025-07-26,Pos Systems expense,REF91419392,16.41,0.0,119319.0
2025-07-26,2025-07-26,Inventory purchase,REF33626884,3276.97,0.0,116042.03
2025-07-26,2025-07-26,Invoice payment - Customer_0013,REF22385479,0.0,85.96,116127.99
2025-07-26,2025-07-26,Project payment - Customer_0065,REF57180222,0.0,102.34,116230.33
2025-07-26,2025-07-26,Invoice payment - Customer_0028,REF15169844,0.0,68.1,116298.43
2025-07-26,2025-07-26,Service payment - Customer_0060,REF73677567,0.0,61.01,116359.44
2025-07-26,2025-07-26,Project payment - Customer_0042,REF54838472,0.0,39.8,116399.24
2025-07-26,2025-07-26,Service payment - Customer_0055,REF95345968,0.0,121.07,116520.31
2025-07-26,2025-07-26,Service payment - Customer_0049,REF64140105,0.0,139.99,116660.3
2025-07-26,2025-07-26,Project payment - Customer_0078,REF14568861,0.0,43.05,116703.35
2025-07-26,2025-07-26,Project payment - Customer_0066,REF34227768,0.0,102.96,116806.31
2025-07-26,2025-07-26,Payment from Customer_0052,REF21491600,0.0,87.14,116893.45
2025-07-27,2025-07-27,Service payment - Customer_0087,REF87760518,0.0,118.69,117012.14
2025-07-27,2025-07-27,Project payment - Customer_0029,REF68982286,0.0,74.11,117086.25
2025-07-27,2025-07-27,Payment from Customer_0017,REF55687453,0.0,71.45,117157.7
2025-07-27,2025-07-27,Invoice payment - Customer_0001,REF59675783,0.0,73.3,117231.0
2025-07-27,2025-07-27,Employee payroll,REF87069296,1573.25,0.0,115657.75
2025-07-27,2025-07-27,Project payment - Customer_0000,REF69645971,0.0,173.44,115831.19
2025-07-27,2025-07-27,Project payment - Customer_0084,REF11141749,0.0,109.42,115940.61
2025-07-27,2025-07-27,Payment from Customer_0053,REF65215500,0.0,99.78,116040.39
2025-07-27,2025-07-27,Payment from Customer_0011,REF37500201,0.0,70.15,116110.54
2025-07-27,2025-07-27,Service payment - Customer_0064,REF57392020,0.0,133.87,116244.41
2025-07-27,2025-07-27,Payment from Customer_0021,REF73853578,0.0,95.37,116339.78
2025-07-28,2025-07-28,Invoice payment - Customer_0041,REF67636123,0.0,93.12,116432.9
2025-07-28,2025-07-28,Service payment - Customer_0038,REF53996063,0.0,114.62,116547.52
2025-07-28,2025-07-28,Service payment - Customer_0048,REF20890653,0.0,98.04,116645.56
2025-07-28,2025-07-28,Service payment - Customer_0062,REF80291106,0.0,79.6,116725.16
2025-07-29,2025-07-29,Service payment - Customer_0020,REF83803412,0.0,80.49,116805.65
2025-07-29,2025-07-29,Service payment - Customer_0059,REF41543413,0.0,10.0,116815.65
2025-07-29,2025-07-29,Service payment - Customer_0046,REF70446025,0.0,126.83,116942.48
2025-07-29,2025-07-29,Payment from Customer_0015,REF99471180,0.0,24.59,116967.07
2025-07-29,2025-07-29,Invoice payment - Customer_0019,REF85210074,0.0,42.26,117009.33
2025-07-29,2025-07-29,Service payment - Customer_0045,REF26395481,0.0,184.41,117193.74
2025-07-29,2025-07-29,Inventory purchase,REF41935161,3986.64,0.0,113207.1
2025-07-29,2025-07-29,Project payment - Customer_0093,REF95508654,0.0,62.68,113269.78
2025-07-29,2025-07-29,Payment from Customer_0091,REF16090536,0.0,89.12,113358.9
2025-07-29,2025-07-29,Payment from Customer_0079,REF44194278,0.0,50.53,113409.43
2025-07-29,2025-07-29,Invoice payment - Customer_0004,REF72475720,0.0,128.21,113537.64
2025-07-29,2025-07-29,Payment from Customer_0013,REF59607411,0.0,97.65,113635.29
2025-07-29,2025-07-29,Payment from Customer_0005,REF16782475,0.0,41.57,113676.86
2025-07-29,2025-07-29,Project payment - Customer_0073,REF62228841,0.0,56.69,113733.55
2025-07-30,2025-07-30,Payment from Customer_0040,REF83716387,0.0,65.47,113799.02
2025-07-30,2025-07-30,Project payment - Customer_0029,REF93105324,0.0,96.67,113895.69
2025-07-30,2025-07-30,Service payment - Customer_0047,REF80106857,0.0,103.25,113998.94
2025-07-30,2025-07-30,Invoice payment - Customer_0036,REF19146153,0.0,52.14,114051.08
2025-07-30,2025-07-30,Invoice payment - Customer_0064,REF22585882,0.0,144.15,114195.23
2025-07-30,2025-07-30,Payment from Customer_0044,REF25013003,0.0,48.12,114243.35
2025-07-30,2025-07-30,Service payment - Customer_0013,REF73389875,0.0,71.97,114315.32
2025-07-30,2025-07-30,Service payment - Customer_0080,REF85369182,0.0,192.24,114507.56
2025-07-30,2025-07-30,Invoice payment - Customer_0057,REF48412415,0.0,96.38,114603.94
2025-07-30,2025-07-30,Payment from Customer_0071,REF83923313,0.0,140.27,114744.21
2025-07-30,2025-07-30,Service payment - Customer_0051,REF77720727,0.0,106.12,114850.33
2025-07-30,2025-07-30,Payment from Customer_0018,REF83699472,0.0,130.49,114980.82
2025-07-31,2025-07-31,Payment from Customer_0069,REF85209235,0.0,81.94,115062.76
2025-07-31,2025-07-31,Service payment - Customer_0089,REF18180661,0.0,110.09,115172.85
2025-07-31,2025-07-31,Service payment - Customer_0008,REF37308369,0.0,74.14,115246.99
2025-07-31,2025-07-31,Payment from Customer_0084,REF85555838,0.0,133.69,115380.68
2025-07-31,2025-07-31,Project payment - Customer_0026,REF50417619,0.0,28.61,115409.29
2025-07-31,2025-07-31,Project payment - Customer_0043,REF82004463,0.0,131.34,115540.63
2025-07-31,2025-07-31,Service payment - Customer_0035,REF64407623,0.0,74.34,115614.97
2025-08-01,2025-08-01,Project payment - Customer_0097,REF31802754,0.0,46.16,115661.13
2025-08-01,2025-08-01,Monthly office rent,REF64678377,1179.75,0.0,114481.38
2025-08-01,2025-08-01,Payment from Customer_0037,REF99892291,0.0,113.02,114594.4
2025-08-01,2025-08-01,Project payment - Customer_0068,REF25578951,0.0,82.59,114676.99
2025-08-01,2025-08-01,Payment from Customer_0048,REF58885811,0.0,104.44,114781.43
2025-08-01,2025-08-01,Invoice payment - Customer_0019,REF11407598,0.0,51.62,114833.05
2025-08-01,2025-08-01,Project payment - Customer_0012,REF65724386,0.0,166.44,114999.49
2025-08-01,2025-08-01,Payment from Customer_0007,REF96513086,0.0,56.56,115056.05
2025-08-01,2025-08-01,Invoice payment - Customer_0091,REF53266784,0.0,102.08,115158.13
2025-08-02,2025-08-02,Project payment - Customer_0071,REF64981870,0.0,152.39,115310.52
2025-08-02,2025-08-02,Project payment - Customer_0096,REF87965104,0.0,77.65,115388.17
2025-08-02,2025-08-02,Service payment - Customer_0066,REF61717186,0.0,66.47,115454.64
2025-08-02,2025-08-02,Service payment - Customer_0002,REF94220231,0.0,88.02,115542.66
2025-08-02,2025-08-02,Payment from Customer_0054,REF93901843,0.0,110.69,115653.35
2025-08-02,2025-08-02,Invoice payment - Customer_0044,REF39956702,0.0,50.2,115703.55
2025-08-02,2025-08-02,Service payment - Customer_0010,REF63017994,0.0,125.5,115829.05
2025-08-02,2025-08-02,Project payment - Customer_0042,REF93734691,0.0,23.92,115852.97
2025-08-03,2025-08-03,Payment from Customer_0057,REF61053069,0.0,93.38,115946.35
2025-08-03,2025-08-03,Service payment - Customer_0039,REF22516259,0.0,69.41,116015.76
2025-08-03,2025-08-03,Payment from Customer_0072,REF22873449,0.0,49.3,116065.06
2025-08-03,2025-08-03,Payment from Customer_0048,REF49565151,0.0,101.33,116166.39
2025-08-03,2025-08-03,Service payment - Customer_0026,REF59701306,0.0,29.95,116196.34
2025-08-03,2025-08-03,Service payment - Customer_0013,REF46573687,0.0,99.66,116296.0
2025-08-03,2025-08-03,Invoice payment - Customer_0081,REF63975732,0.0,79.94,116375.94
2025-08-03,2025-08-03,Service payment - Customer_0040,REF92978625,0.0,64.31,116440.25
2025-08-04,2025-08-04,Service payment - Customer_0049,REF93296519,0.0,88.45,116528.7
2025-08-04,2025-08-04,Project payment - Customer_0016,REF26792512,0.0,12.37,116541.07
2025-08-04,2025-08-04,Project payment - Customer_0086,REF96278043,0.0,69.38,116610.45
2025-08-04,2025-08-04,Project payment - Customer_0081,REF80208438,0.0,92.24,116702.69
2025-08-04,2025-08-04,Service payment - Customer_0003,REF15471977,0.0,80.74,116783.43
2025-08-04,2025-08-04,Invoice payment - Customer_0008,REF97739041,0.0,82.23,116865.66
2025-08-04,2025-08-04,Invoice payment - Customer_0023,REF30211314,0.0,113.18,116978.84
2025-08-04,2025-08-04,Project payment - Customer_0080,REF93301235,0.0,108.81,117087.65
2025-08-05,2025-08-05,Payment from Customer_0077,REF73315766,0.0,79.6,117167.25
2025-08-05,2025-08-05,Invoice payment - Customer_0084,REF96262181,0.0,121.75,117289.0
2025-08-05,2025-08-05,Payment from Customer_0042,REF93673639,0.0,39.88,117328.88
2025-08-05,2025-08-05,Payment from Customer_0055,REF89630264,0.0,99.93,117428.81
2025-08-05,2025-08-05,Invoice payment - Customer_0043,REF94968358,0.0,111.72,117540.53
2025-08-05,2025-08-05,Payment from Customer_0098,REF42860174,0.0,82.45,117622.98
2025-08-05,2025-08-05,Project payment - Customer_0093,REF93857428,0.0,57.78,117680.76
2025-08-05,2025-08-05,Invoice payment - Customer_0034,REF27879337,0.0,146.33,117827.09
2025-08-05,2025-08-05,Invoice payment - Customer_0073,REF65822426,0.0,40.22,117867.31
2025-08-05,2025-08-05,Service payment - Customer_0068,REF87703457,0.0,78.18,117945.49
2025-08-05,2025-08-05,Invoice payment - Customer_0035,REF89436742,0.0,92.08,118037.57
2025-08-06,2025-08-06,Invoice payment - Customer_0052,REF87427854,0.0,89.29,118126.86
2025-08-06,2025-08-06,Invoice payment - Customer_0062,REF78369104,0.0,67.35,118194.21
2025-08-06,2025-08-06,Payment from Customer_0094,REF47625647,0.0,108.41,118302.62
2025-08-06,2025-08-06,Project payment - Customer_0075,REF76958945,0.0,74.87,118377.49
2025-08-06,2025-08-06,Payment from Customer_0004,REF83372134,0.0,137.55,118515.04
2025-08-06,2025-08-06,Marketing expenses,REF76689440,448.91,0.0,118066.13
2025-08-07,2025-08-07,Employee payroll,REF62009136,1896.24,0.0,116169.89
2025-08-07,2025-08-07,Project payment - Customer_0074,REF71469705,0.0,36.81,116206.7
2025-08-07,2025-08-07,Service payment - Customer_0024,REF12306099,0.0,49.92,116256.62
2025-08-07,2025-08-07,Invoice payment - Customer_0079,REF39173952,0.0,49.5,116306.12
2025-08-07,2025-08-07,Service payment - Customer_0031,REF16762492,0.0,84.69,116390.81
2025-08-07,2025-08-07,Project payment - Customer_0025,REF17784926,0.0,19.25,116410.06
2025-08-07,2025-08-07,Invoice payment - Customer_0047,REF45956256,0.0,117.58,116527.64
2025-08-07,2025-08-07,Payment from Customer_0087,REF76777686,0.0,136.35,116663.99
2025-08-07,2025-08-07,Project payment - Customer_0046,REF89295940,0.0,99.55,116763.54
2025-08-07,2025-08-07,Payment from Customer_0081,REF41397860,0.0,80.29,116843.83
2025-08-07,2025-08-07,Project payment - Customer_0013,REF37798438,0.0,87.71,116931.54
2025-08-08,2025-08-08,Project payment - Customer_0048,REF95120930,0.0,126.7,117058.24
2025-08-08,2025-08-08,Project payment - Customer_0062,REF63320794,0.0,62.05,117120.29
2025-08-08,2025-08-08,Service payment - Customer_0081,REF14937500,0.0,71.7,117191.99
2025-08-08,2025-08-08,Project payment - Customer_0068,REF86355628,0.0,94.15,117286.14
2025-08-08,2025-08-08,Employee payroll,REF33664990,2672.94,0.0,114613.2
2025-08-08,2025-08-08,Payment from Customer_0015,REF40419216,0.0,34.54,114647.74
2025-08-08,2025-08-08,Service payment - Customer_0023,REF87908127,0.0,109.75,114757.49
2025-08-08,2025-08-08,Invoice payment - Customer_0004,REF47722100,0.0,177.2,114934.69
2025-08-08,2025-08-08,Service payment - Customer_0029,REF83420373,0.0,101.95,115036.64
2025-08-08,2025-08-08,Service payment - Customer_0064,REF77752055,0.0,121.91,115158.55
2025-08-09,2025-08-09,Service payment - Customer_0084,REF75543759,0.0,119.12,115277.67
2025-08-09,2025-08-09,Service payment - Customer_0081,REF70647394,0.0,67.9,115345.57
2025-08-09,2025-08-09,Service payment - Customer_0029,REF46073265,0.0,78.54,115424.11
2025-08-09,2025-08-09,Service payment - Customer_0057,REF94586394,0.0,91.18,115515.29
2025-08-10,2025-08-10,Service payment - Customer_0015,REF32376295,0.0,34.07,115549.36
2025-08-10,2025-08-10,Payment from Customer_0096,REF29306713,0.0,56.04,115605.4
2025-08-10,2025-08-10,Invoice payment - Customer_0031,REF21367801,0.0,102.76,115708.16
2025-08-10,2025-08-10,Service payment - Customer_0083,REF32484696,0.0,71.32,115779.48
2025-08-10,2025-08-10,Service payment - Customer_0061,REF59890405,0.0,60.59,115840.07
2025-08-10,2025-08-10,Project payment - Customer_0035,REF11452659,0.0,65.17,115905.24
2025-08-10,2025-08-10,Service payment - Customer_0045,REF72107408,0.0,167.93,116073.17
2025-08-10,2025-08-10,Invoice payment - Customer_0056,REF50116472,0.0,90.76,116163.93
2025-08-10,2025-08-10,Invoice payment - Customer_0087,REF81088196,0.0,122.07,116286.0
2025-08-10,2025-08-10,Invoice payment - Customer_0044,REF86633930,0.0,36.23,116322.23
2025-08-10,2025-08-10,Invoice payment - Customer_0063,REF27037604,0.0,53.27,116375.5
2025-08-10,2025-08-10,Invoice payment - Customer_0089,REF64442449,0.0,78.53,116454.03
2025-08-10,2025-08-10,Payment from Customer_0028,REF40069634,0.0,57.95,116511.98
2025-08-11,2025-08-11,Project payment - Customer_0041,REF72354006,0.0,111.99,116623.97
2025-08-11,2025-08-11,Payment from Customer_0099,REF80372046,0.0,58.25,116682.22
2025-08-11,2025-08-11,Project payment - Customer_0008,REF20127070,0.0,70.41,116752.63
2025-08-11,2025-08-11,Payment from Customer_0087,REF97336279,0.0,72.9,116825.53
2025-08-11,2025-08-11,Service payment - Customer_0022,REF79205540,0.0,155.27,116980.8
2025-08-11,2025-08-11,Project payment - Customer_0069,REF74702935,0.0,61.98,117042.78
2025-08-11,2025-08-11,Project payment - Customer_0002,REF83312911,0.0,90.91,117133.69
2025-08-11,2025-08-11,Service payment - Customer_0010,REF23884755,0.0,168.11,117301.8
2025-08-11,2025-08-11,Payment from Customer_0095,REF36964390,0.0,25.73,117327.53
2025-08-11,2025-08-11,Project payment - Customer_0030,REF83915407,0.0,45.43,117372.96
2025-08-11,2025-08-11,Invoice payment - Customer_0038,REF60627004,0.0,104.24,117477.2
2025-08-11,2025-08-11,Payment from Customer_0018,REF32591098,0.0,98.88,117576.08
2025-08-11,2025-08-11,Invoice payment - Customer_0083,REF98730210,0.0,60.46,117636.54
2025-08-12,2025-08-12,Invoice payment - Customer_0071,REF19966423,0.0,151.05,117787.59
2025-08-12,2025-08-12,Project payment - Customer_0013,REF72907310,0.0,101.96,117889.55
2025-08-12,2025-08-12,Service payment - Customer_0089,REF60256894,0.0,109.64,117999.19
2025-08-12,2025-08-12,Invoice payment - Customer_0021,REF97165864,0.0,76.16,118075.35
2025-08-12,2025-08-12,Service payment - Customer_0056,REF21833707,0.0,125.49,118200.84
2025-08-13,2025-08-13,Invoice payment - Customer_0001,REF76107471,0.0,80.68,118281.52
2025-08-13,2025-08-13,Invoice payment - Customer_0007,REF82924067,0.0,52.94,118334.46
2025-08-13,2025-08-13,Payment from Customer_0014,REF83658952,0.0,10.0,118344.46
2025-08-13,2025-08-13,Invoice payment - Customer_0027,REF26205132,0.0,32.24,118376.7
2025-08-13,2025-08-13,Payment from Customer_0044,REF54879956,0.0,47.55,118424.25
2025-08-13,2025-08-13,Payment from Customer_0052,REF23718421,0.0,64.16,118488.41
2025-08-13,2025-08-13,Payment from Customer_0083,REF45151435,0.0,55.47,118543.88
2025-08-13,2025-08-13,Project payment - Customer_0047,REF56864541,0.0,97.75,118641.63
2025-08-13,2025-08-13,Project payment - Customer_0011,REF80158752,0.0,78.71,118720.34
2025-08-13,2025-08-13,Project payment - Customer_0087,REF27414161,0.0,123.87,118844.21
2025-08-13,2025-08-13,Payment from Customer_0079,REF18298151,0.0,45.29,118889.5
2025-08-13,2025-08-13,Service payment - Customer_0030,REF94013088,0.0,47.75,118937.25
2025-08-13,2025-08-13,Invoice payment - Customer_0074,REF66070971,0.0,31.51,118968.76
2025-08-13,2025-08-13,Project payment - Customer_0009,REF52402375,0.0,64.46,119033.22
2025-08-14,2025-08-14,Invoice payment - Customer_0036,REF12637275,0.0,38.91,119072.13
2025-08-14,2025-08-14,Payment from Customer_0015,REF95735410,0.0,31.29,119103.42
2025-08-14,2025-08-14,Service payment - Customer_0087,REF28607132,0.0,96.26,119199.68
2025-08-14,2025-08-14,Project payment - Customer_0066,REF65411573,0.0,81.3,119280.98
2025-08-14,2025-08-14,Invoice payment - Customer_0034,REF88758495,0.0,210.97,119491.95
2025-08-14,2025-08-14,Payment from Customer_0041,REF25192257,0.0,125.6,119617.55
2025-08-14,2025-08-14,Project payment - Customer_0013,REF31673716,0.0,87.18,119704.73
2025-08-14,2025-08-14,Service payment - Customer_0001,REF34818301,0.0,74.91,119779.64
2025-08-15,2025-08-15,Payment from Customer_0069,REF88095363,0.0,87.99,119867.63
2025-08-15,2025-08-15,Payment from Customer_0046,REF33367208,0.0,98.67,119966.3
2025-08-15,2025-08-15,Business insurance premium,REF77215958,179.84,0.0,119786.46
2025-08-15,2025-08-15,Payment from Customer_0049,REF28120524,0.0,129.1,119915.56
2025-08-15,2025-08-15,Project payment - Customer_0047,REF18245868,0.0,112.61,120028.17
2025-08-15,2025-08-15,Marketing expenses,REF46262073,293.19,0.0,119734.98
2025-08-15,2025-08-15,Service payment - Customer_0075,REF66482851,0.0,123.58,119858.56
2025-08-15,2025-08-15,Project payment - Customer_0057,REF17931303,0.0,113.58,119972.14
2025-08-16,2025-08-16,Service payment - Customer_0065,REF82614642,0.0,97.43,120069.57
2025-08-16,2025-08-16,Payment from Customer_0005,REF45105993,0.0,44.18,120113.75
2025-08-16,2025-08-16,Project payment - Customer_0019,REF55974965,0.0,60.74,120174.49
2025-08-16,2025-08-16,Payment from Customer_0053,REF32261347,0.0,90.98,120265.47
2025-08-16,2025-08-16,Service payment - Customer_0025,REF51469725,0.0,20.16,120285.63
2025-08-16,2025-08-16,Payment from Customer_0097,REF48382197,0.0,43.51,120329.14
2025-08-16,2025-08-16,Service payment - Customer_0042,REF71878038,0.0,27.57,120356.71
2025-08-16,2025-08-16,Project payment - Customer_0008,REF39462914,0.0,88.01,120444.72
2025-08-16,2025-08-16,Invoice payment - Customer_0099,REF51106646,0.0,61.02,120505.74
2025-08-17,2025-08-17,Payment from Customer_0093,REF94459585,0.0,48.58,120554.32
2025-08-17,2025-08-17,Invoice payment - Customer_0097,REF17180161,0.0,41.99,120596.31
2025-08-17,2025-08-17,Marketing expenses,REF29013940,246.68,0.0,120349.63
2025-08-17,2025-08-17,Service payment - Customer_0062,REF83962185,0.0,74.31,120423.94
2025-08-17,2025-08-17,Invoice payment - Customer_0068,REF23742630,0.0,88.95,120512.89
2025-08-17,2025-08-17,Payment from Customer_0060,REF66140873,0.0,72.07,120584.96
2025-08-17,2025-08-17,Payment from Customer_0039,REF73162872,0.0,75.16,120660.12
2025-08-17,2025-08-17,Service payment - Customer_0021,REF45514253,0.0,84.09,120744.21
2025-08-17,2025-08-17,Project payment - Customer_0037,REF46292104,0.0,81.95,120826.16
2025-08-17,2025-08-17,Project payment - Customer_0033,REF37499946,0.0,134.04,120960.2
2025-08-17,2025-08-17,Project payment - Customer_0085,REF21468292,0.0,29.09,120989.29
2025-08-17,2025-08-17,Service payment - Customer_0084,REF17629206,0.0,148.84,121138.13
