transaction_date,value_date,description,reference,debit,credit,balance
2020-06-27,2020-06-27,Marketing expenses,REF34285235,191.49,0.0,67244.96
2020-06-30,2020-06-30,Marketing expenses,REF84054789,297.62,0.0,66947.34
2020-07-01,2020-07-01,Business meal,REF52176613,177.9,0.0,66769.44
2020-07-07,2020-07-07,Coworking space rental,REF33823692,256.84,0.0,66512.6
2020-07-08,2020-07-08,Accounting expense,REF18484909,118.13,0.0,66394.47
2020-07-08,2020-07-08,Equipment purchase,REF36763767,101.4,0.0,66293.07
2020-07-09,2020-07-09,Coworking space rental,REF51856840,226.34,0.0,66066.73
2020-07-10,2020-07-10,Equipment purchase,REF10965990,145.87,0.0,65920.86
2020-07-13,2020-07-13,Coworking space rental,REF75538569,166.57,0.0,65754.29
2020-07-14,2020-07-14,Equipment purchase,REF29538584,120.73,0.0,65633.56
2020-07-15,2020-07-15,"Service payment - Jones, Anderson and Hancock",REF25534240,0.0,479.75,66113.31
2020-07-15,2020-07-15,"Project payment - Sanchez, Terry and Cox",REF91856372,0.0,366.6,66479.91
2020-07-15,2020-07-15,"Project payment - Burke, Hernandez and Alexander",REF39148023,0.0,433.34,66913.25
2020-07-15,2020-07-15,Project payment - Gordon-Snow,REF92241829,0.0,587.07,67500.32
2020-07-15,2020-07-15,"Project payment - Bond, Ryan and Austin",REF19259377,0.0,493.66,67993.98
2020-07-15,2020-07-15,Invoice payment - Kennedy-Lewis,REF89904931,0.0,689.34,68683.32
2020-07-15,2020-07-15,Payment from Contreras-Miller,REF99739524,0.0,552.97,69236.29
2020-07-15,2020-07-15,Business insurance premium,REF31542192,95.26,0.0,69141.03
2020-07-21,2020-07-21,Professional software license,REF56427000,140.19,0.0,69000.84
2020-07-22,2020-07-22,Business meal,REF66028884,92.65,0.0,68908.19
2020-07-24,2020-07-24,Training/conference,REF96351310,104.15,0.0,68804.04
2020-07-26,2020-07-26,Business meal,REF26789480,212.35,0.0,68591.69
2020-08-01,2020-08-01,Business meal,REF91397537,168.97,0.0,68422.72
2020-08-03,2020-08-03,Business travel,REF55798181,406.28,0.0,68016.44
2020-08-07,2020-08-07,Equipment purchase,REF78010738,118.89,0.0,67897.55
2020-08-10,2020-08-10,Business meal,REF64243613,268.45,0.0,67629.1
2020-08-15,2020-08-15,Business insurance premium,REF43523667,126.14,0.0,67502.96
2020-08-15,2020-08-15,"Payment from Jones, Anderson and Hancock",REF18504659,0.0,448.35,67951.31
2020-08-15,2020-08-15,"Invoice payment - Burke, Hernandez and Alexander",REF90173605,0.0,473.02,68424.33
2020-08-15,2020-08-15,Project payment - Kennedy-Lewis,REF83993042,0.0,763.43,69187.76
2020-08-15,2020-08-15,Payment from Contreras-Miller,REF17769246,0.0,749.0,69936.76
2020-08-15,2020-08-15,"Project payment - Sanchez, Terry and Cox",REF91313577,0.0,376.89,70313.65
2020-08-15,2020-08-15,"Project payment - Bond, Ryan and Austin",REF24459216,0.0,465.01,70778.66
2020-08-17,2020-08-17,Marketing expenses,REF33772697,320.67,0.0,70457.99
2020-08-19,2020-08-19,Marketing expenses,REF31054607,213.17,0.0,70244.82
2020-08-21,2020-08-21,Professional software license,REF30081165,169.71,0.0,70075.11
2020-08-24,2020-08-24,Marketing expenses,REF42517279,284.73,0.0,69790.38
2020-08-25,2020-08-25,Business travel,REF92288757,339.63,0.0,69450.75
2020-09-06,2020-09-06,Accounting expense,REF10358450,344.37,0.0,69106.38
2020-09-06,2020-09-06,Training/conference,REF38676828,283.0,0.0,68823.38
2020-09-11,2020-09-11,Business meal,REF98486125,400.95,0.0,68422.43
2020-09-14,2020-09-14,Coworking space rental,REF54974499,280.24,0.0,68142.19
2020-09-15,2020-09-15,Business insurance premium,REF18274574,141.96,0.0,68000.23
2020-09-15,2020-09-15,"Payment from Bond, Ryan and Austin",REF42117587,0.0,628.7,68628.93
2020-09-15,2020-09-15,"Project payment - Jones, Anderson and Hancock",REF94892570,0.0,664.36,69293.29
2020-09-15,2020-09-15,"Service payment - Sanchez, Terry and Cox",REF87944108,0.0,582.08,69875.37
2020-09-15,2020-09-15,Invoice payment - Contreras-Miller,REF98259832,0.0,806.31,70681.68
2020-09-15,2020-09-15,Payment from Kennedy-Lewis,REF70737338,0.0,960.22,71641.9
2020-09-15,2020-09-15,Project payment - Gordon-Snow,REF99447032,0.0,754.79,72396.69
2020-09-15,2020-09-15,Project payment - Walker Inc,REF63140897,0.0,997.65,73394.34
2020-09-21,2020-09-21,Professional software license,REF17682069,219.5,0.0,73174.84
2020-09-24,2020-09-24,Marketing expenses,REF51988778,365.4,0.0,72809.44
2020-10-01,2020-10-01,Equipment purchase,REF92876723,188.37,0.0,72621.07
2020-10-06,2020-10-06,Coworking space rental,REF50410788,406.51,0.0,72214.56
2020-10-07,2020-10-07,Training/conference,REF98507915,311.18,0.0,71903.38
2020-10-14,2020-10-14,Coworking space rental,REF58429780,384.27,0.0,71519.11
2020-10-14,2020-10-14,Equipment purchase,REF87862625,127.24,0.0,71391.87
2020-10-15,2020-10-15,Business meal,REF59253064,238.97,0.0,71152.9
2020-10-15,2020-10-15,Business insurance premium,REF62594391,162.93,0.0,70989.97
2020-10-15,2020-10-15,Invoice payment - Gordon-Snow,REF61752523,0.0,1036.89,72026.86
2020-10-15,2020-10-15,"Invoice payment - Bond, Ryan and Austin",REF97626645,0.0,951.55,72978.41
2020-10-15,2020-10-15,Service payment - Contreras-Miller,REF91040193,0.0,1282.56,74260.97
2020-10-15,2020-10-15,"Service payment - Burke, Hernandez and Alexander",REF30948695,0.0,752.67,75013.64
2020-10-15,2020-10-15,Invoice payment - Walker Inc,REF84134208,0.0,779.93,75793.57
2020-10-15,2020-10-15,"Payment from Sanchez, Terry and Cox",REF62358417,0.0,544.12,76337.69
2020-10-15,2020-10-15,Service payment - Kennedy-Lewis,REF62566031,0.0,1077.44,77415.13
2020-10-15,2020-10-15,"Invoice payment - Jones, Anderson and Hancock",REF87095148,0.0,724.92,78140.05
2020-10-17,2020-10-17,Training/conference,REF64214825,150.43,0.0,77989.62
2020-10-18,2020-10-18,Equipment purchase,REF71726554,189.81,0.0,77799.81
2020-10-19,2020-10-19,Business travel,REF82864439,418.98,0.0,77380.83
2020-10-20,2020-10-20,Business travel,REF59972102,710.53,0.0,76670.3
2020-10-21,2020-10-21,Professional software license,REF57761109,233.06,0.0,76437.24
2020-10-29,2020-10-29,Accounting expense,REF91740731,277.37,0.0,76159.87
2020-10-31,2020-10-31,Training/conference,REF89410756,150.6,0.0,76009.27
2020-11-03,2020-11-03,Business meal,REF90547336,273.49,0.0,75735.78
2020-11-05,2020-11-05,Coworking space rental,REF90862072,298.47,0.0,75437.31
2020-11-06,2020-11-06,Accounting expense,REF39402804,196.9,0.0,75240.41
2020-11-14,2020-11-14,Business meal,REF58677565,347.86,0.0,74892.55
2020-11-15,2020-11-15,Project payment - Contreras-Miller,REF67562468,0.0,626.21,75518.76
2020-11-15,2020-11-15,"Invoice payment - Bond, Ryan and Austin",REF60522699,0.0,749.19,76267.95
2020-11-15,2020-11-15,Service payment - Walker Inc,REF70494786,0.0,699.31,76967.26
2020-11-15,2020-11-15,"Project payment - Sanchez, Terry and Cox",REF82093029,0.0,544.24,77511.5
2020-11-15,2020-11-15,Business insurance premium,REF18985344,149.23,0.0,77362.27
2020-11-15,2020-11-15,"Service payment - Jones, Anderson and Hancock",REF16074025,0.0,611.83,77974.1
2020-11-15,2020-11-15,"Payment from Burke, Hernandez and Alexander",REF36219853,0.0,865.73,78839.83
2020-11-15,2020-11-15,Payment from Gordon-Snow,REF87684252,0.0,929.62,79769.45
2020-11-15,2020-11-15,Project payment - Kennedy-Lewis,REF60315459,0.0,885.5,80654.95
2020-11-17,2020-11-17,Equipment purchase,REF77509756,153.64,0.0,80501.31
2020-11-19,2020-11-19,Business travel,REF37183266,698.4,0.0,79802.91
2020-11-20,2020-11-20,Business travel,REF33708511,478.96,0.0,79323.95
2020-11-21,2020-11-21,Coworking space rental,REF56044140,583.08,0.0,78740.87
2020-11-21,2020-11-21,Professional software license,REF96384470,228.82,0.0,78512.05
2020-11-28,2020-11-28,Equipment purchase,REF63658147,135.42,0.0,78376.63
2020-12-07,2020-12-07,Business meal,REF27048330,240.36,0.0,78136.27
2020-12-08,2020-12-08,Business travel,REF46921880,336.52,0.0,77799.75
2020-12-15,2020-12-15,"Invoice payment - Jones, Anderson and Hancock",REF79243010,0.0,585.73,78385.48
2020-12-15,2020-12-15,"Payment from Sanchez, Terry and Cox",REF41849362,0.0,394.99,78780.47
2020-12-15,2020-12-15,Marketing expenses,REF23607213,295.29,0.0,78485.18
2020-12-15,2020-12-15,Invoice payment - Kennedy-Lewis,REF59918465,0.0,697.73,79182.91
2020-12-15,2020-12-15,"Service payment - Bond, Ryan and Austin",REF70367213,0.0,853.27,80036.18
2020-12-15,2020-12-15,"Project payment - Burke, Hernandez and Alexander",REF54843597,0.0,593.7,80629.88
2020-12-15,2020-12-15,Business insurance premium,REF35244567,129.11,0.0,80500.77
2020-12-15,2020-12-15,Project payment - Contreras-Miller,REF53081829,0.0,450.87,80951.64
2020-12-15,2020-12-15,Invoice payment - Gordon-Snow,REF65892307,0.0,686.58,81638.22
2020-12-18,2020-12-18,Business travel,REF75277146,247.1,0.0,81391.12
2020-12-19,2020-12-19,Training/conference,REF74525063,185.39,0.0,81205.73
2020-12-21,2020-12-21,Professional software license,REF97282029,180.87,0.0,81024.86
2020-12-24,2020-12-24,Business travel,REF58182357,258.37,0.0,80766.49
2020-12-26,2020-12-26,Coworking space rental,REF62179183,403.1,0.0,80363.39
2020-12-31,2020-12-31,Coworking space rental,REF66790507,260.44,0.0,80102.95
2021-01-02,2021-01-02,Marketing expenses,REF15081860,523.72,0.0,79579.23
2021-01-11,2021-01-11,Equipment purchase,REF56913082,166.09,0.0,79413.14
2021-01-14,2021-01-14,Equipment purchase,REF64530737,176.75,0.0,79236.39
2021-01-14,2021-01-14,Business travel,REF88429343,830.86,0.0,78405.53
2021-01-15,2021-01-15,"Project payment - Sanchez, Terry and Cox",REF90961017,0.0,654.22,79059.75
2021-01-15,2021-01-15,Service payment - Walker Inc,REF60377254,0.0,1373.23,80432.98
2021-01-15,2021-01-15,Equipment purchase,REF32045391,222.3,0.0,80210.68
2021-01-15,2021-01-15,Invoice payment - Kennedy-Lewis,REF86882319,0.0,723.93,80934.61
2021-01-15,2021-01-15,"Service payment - Jones, Anderson and Hancock",REF55526585,0.0,674.66,81609.27
2021-01-15,2021-01-15,"Service payment - Bond, Ryan and Austin",REF51203371,0.0,929.12,82538.39
2021-01-15,2021-01-15,Business insurance premium,REF73752113,185.69,0.0,82352.7
2021-01-15,2021-01-15,Project payment - Gordon-Snow,REF40144068,0.0,1226.77,83579.47
2021-01-15,2021-01-15,"Payment from Burke, Hernandez and Alexander",REF10600680,0.0,911.71,84491.18
2021-01-17,2021-01-17,Equipment purchase,REF45725861,184.43,0.0,84306.75
2021-01-19,2021-01-19,Business meal,REF82948905,407.29,0.0,83899.46
2021-01-20,2021-01-20,Training/conference,REF18097985,247.39,0.0,83652.07
2021-01-21,2021-01-21,Professional software license,REF20608751,216.3,0.0,83435.77
2021-01-21,2021-01-21,Coworking space rental,REF20940896,158.43,0.0,83277.34
2021-01-26,2021-01-26,Business travel,REF52966691,404.46,0.0,82872.88
2021-02-05,2021-02-05,Accounting expense,REF40934599,222.99,0.0,82649.89
2021-02-06,2021-02-06,Training/conference,REF14206940,213.15,0.0,82436.74
2021-02-15,2021-02-15,"Project payment - Burke, Hernandez and Alexander",REF45478978,0.0,741.72,83178.46
2021-02-15,2021-02-15,Service payment - Kennedy-Lewis,REF74010911,0.0,1009.6,84188.06
2021-02-15,2021-02-15,"Payment from Jones, Anderson and Hancock",REF88522348,0.0,477.46,84665.52
2021-02-15,2021-02-15,Business insurance premium,REF21426067,149.33,0.0,84516.19
2021-02-15,2021-02-15,Project payment - Contreras-Miller,REF77612465,0.0,950.2,85466.39
2021-02-15,2021-02-15,Invoice payment - Gordon-Snow,REF61661114,0.0,968.86,86435.25
2021-02-15,2021-02-15,"Project payment - Sanchez, Terry and Cox",REF84018068,0.0,463.16,86898.41
2021-02-15,2021-02-15,Payment from Walker Inc,REF33651982,0.0,978.87,87877.28
2021-02-17,2021-02-17,Equipment purchase,REF69447171,85.32,0.0,87791.96
2021-02-18,2021-02-18,Coworking space rental,REF82648362,331.73,0.0,87460.23
2021-02-18,2021-02-18,Equipment purchase,REF63929989,175.64,0.0,87284.59
2021-02-21,2021-02-21,Professional software license,REF21324583,248.29,0.0,87036.3
2021-02-24,2021-02-24,Marketing expenses,REF31315159,315.89,0.0,86720.41
2021-02-26,2021-02-26,Business meal,REF16974947,198.16,0.0,86522.25
2021-02-28,2021-02-28,Training/conference,REF53589315,219.16,0.0,86303.09
2021-03-01,2021-03-01,Business travel,REF37596244,357.9,0.0,85945.19
2021-03-04,2021-03-04,Accounting expense,REF22747913,149.51,0.0,85795.68
2021-03-13,2021-03-13,Business travel,REF99130105,425.47,0.0,85370.21
2021-03-14,2021-03-14,Coworking space rental,REF82632081,202.41,0.0,85167.8
2021-03-15,2021-03-15,Business insurance premium,REF42490938,132.8,0.0,85035.0
2021-03-15,2021-03-15,"Service payment - Burke, Hernandez and Alexander",REF21125310,0.0,648.86,85683.86
2021-03-15,2021-03-15,Project payment - Contreras-Miller,REF31103713,0.0,1009.63,86693.49
2021-03-15,2021-03-15,Payment from Kennedy-Lewis,REF40667141,0.0,867.11,87560.6
2021-03-15,2021-03-15,"Payment from Bond, Ryan and Austin",REF92865087,0.0,713.35,88273.95
2021-03-16,2021-03-16,Equipment purchase,REF62240090,188.98,0.0,88084.97
2021-03-16,2021-03-16,Business meal,REF61487525,227.23,0.0,87857.74
2021-03-17,2021-03-17,Coworking space rental,REF40708018,259.27,0.0,87598.47
2021-03-18,2021-03-18,Business meal,REF29911677,317.76,0.0,87280.71
2021-03-19,2021-03-19,Coworking space rental,REF28480706,420.21,0.0,86860.5
2021-03-21,2021-03-21,Professional software license,REF85258479,196.37,0.0,86664.13
2021-03-28,2021-03-28,Business meal,REF40916637,258.57,0.0,86405.56
2021-03-31,2021-03-31,Coworking space rental,REF62021842,201.79,0.0,86203.77
2021-04-02,2021-04-02,Equipment purchase,REF24185645,65.3,0.0,86138.47
2021-04-02,2021-04-02,Coworking space rental,REF38999586,319.81,0.0,85818.66
2021-04-10,2021-04-10,Equipment purchase,REF64681639,158.28,0.0,85660.38
2021-04-12,2021-04-12,Accounting expense,REF16275509,187.81,0.0,85472.57
2021-04-15,2021-04-15,Service payment - Contreras-Miller,REF17362625,0.0,628.2,86100.77
2021-04-15,2021-04-15,Invoice payment - Walker Inc,REF39904534,0.0,672.43,86773.2
2021-04-15,2021-04-15,"Service payment - Burke, Hernandez and Alexander",REF64140503,0.0,583.33,87356.53
2021-04-15,2021-04-15,Payment from Kennedy-Lewis,REF22480862,0.0,1053.14,88409.67
2021-04-15,2021-04-15,"Payment from Sanchez, Terry and Cox",REF24149165,0.0,580.45,88990.12
2021-04-15,2021-04-15,"Project payment - Jones, Anderson and Hancock",REF28174891,0.0,609.45,89599.57
2021-04-15,2021-04-15,"Project payment - Bond, Ryan and Austin",REF69576257,0.0,674.61,90274.18
2021-04-15,2021-04-15,Business insurance premium,REF45965968,149.29,0.0,90124.89
2021-04-16,2021-04-16,Coworking space rental,REF71910717,184.71,0.0,89940.18
2021-04-16,2021-04-16,Marketing expenses,REF62325398,214.94,0.0,89725.24
2021-04-17,2021-04-17,Training/conference,REF86104598,202.21,0.0,89523.03
2021-04-17,2021-04-17,Marketing expenses,REF34291055,155.15,0.0,89367.88
2021-04-20,2021-04-20,Accounting expense,REF10551559,174.83,0.0,89193.05
2021-04-21,2021-04-21,Professional software license,REF90432571,223.45,0.0,88969.6
2021-04-21,2021-04-21,Business meal,REF43933305,222.31,0.0,88747.29
2021-04-25,2021-04-25,Equipment purchase,REF83546971,172.33,0.0,88574.96
2021-04-28,2021-04-28,Business travel,REF77261319,181.62,0.0,88393.34
2021-04-29,2021-04-29,Business travel,REF20771687,415.71,0.0,87977.63
2021-04-29,2021-04-29,Accounting expense,REF19937412,193.63,0.0,87784.0
2021-05-02,2021-05-02,Equipment purchase,REF15134594,151.96,0.0,87632.04
2021-05-04,2021-05-04,Accounting expense,REF40502666,276.18,0.0,87355.86
2021-05-07,2021-05-07,Coworking space rental,REF90623619,315.19,0.0,87040.67
2021-05-11,2021-05-11,Equipment purchase,REF26413748,100.27,0.0,86940.4
2021-05-11,2021-05-11,Accounting expense,REF63852544,126.73,0.0,86813.67
2021-05-13,2021-05-13,Equipment purchase,REF22312079,177.05,0.0,86636.62
2021-05-14,2021-05-14,Marketing expenses,REF95246435,310.0,0.0,86326.62
2021-05-15,2021-05-15,Business insurance premium,REF43503373,119.55,0.0,86207.07
2021-05-15,2021-05-15,"Payment from Sanchez, Terry and Cox",REF62736264,0.0,550.36,86757.43
2021-05-15,2021-05-15,Service payment - Kennedy-Lewis,REF78290051,0.0,398.29,87155.72
2021-05-15,2021-05-15,Payment from Contreras-Miller,REF65941097,0.0,671.14,87826.86
2021-05-15,2021-05-15,"Payment from Jones, Anderson and Hancock",REF68487451,0.0,672.13,88498.99
2021-05-15,2021-05-15,Project payment - Gordon-Snow,REF13621576,0.0,895.16,89394.15
2021-05-15,2021-05-15,"Project payment - Burke, Hernandez and Alexander",REF37113064,0.0,664.12,90058.27
2021-05-15,2021-05-15,"Payment from Bond, Ryan and Austin",REF34647734,0.0,778.7,90836.97
2021-05-15,2021-05-15,Invoice payment - Walker Inc,REF34783904,0.0,582.22,91419.19
2021-05-19,2021-05-19,Training/conference,REF85302675,198.22,0.0,91220.97
2021-05-21,2021-05-21,Professional software license,REF62407772,169.87,0.0,91051.1
2021-05-22,2021-05-22,Training/conference,REF73080753,209.34,0.0,90841.76
2021-05-25,2021-05-25,Training/conference,REF30937700,221.89,0.0,90619.87
2021-05-27,2021-05-27,Equipment purchase,REF78741145,122.28,0.0,90497.59
2021-05-29,2021-05-29,Training/conference,REF87056507,162.6,0.0,90334.99
2021-06-08,2021-06-08,Business travel,REF19756850,107.22,0.0,90227.77
2021-06-13,2021-06-13,Training/conference,REF80967182,20.62,0.0,90207.15
2021-06-15,2021-06-15,"Invoice payment - Burke, Hernandez and Alexander",REF80570868,0.0,535.92,90743.07
2021-06-15,2021-06-15,"Service payment - Bond, Ryan and Austin",REF18246822,0.0,632.79,91375.86
2021-06-15,2021-06-15,Business insurance premium,REF44659422,111.24,0.0,91264.62
2021-06-15,2021-06-15,"Payment from Jones, Anderson and Hancock",REF95941112,0.0,438.68,91703.3
2021-06-15,2021-06-15,Payment from Walker Inc,REF23586237,0.0,844.23,92547.53
2021-06-15,2021-06-15,"Payment from Sanchez, Terry and Cox",REF14095230,0.0,392.12,92939.65
2021-06-15,2021-06-15,Payment from Gordon-Snow,REF15403827,0.0,624.69,93564.34
2021-06-15,2021-06-15,Accounting expense,REF40949490,159.01,0.0,93405.33
2021-06-16,2021-06-16,Business travel,REF35875261,287.83,0.0,93117.5
2021-06-18,2021-06-18,Business meal,REF33568259,169.96,0.0,92947.54
2021-06-19,2021-06-19,Training/conference,REF78991747,200.65,0.0,92746.89
2021-06-21,2021-06-21,Professional software license,REF25334957,123.22,0.0,92623.67
2021-06-23,2021-06-23,Business meal,REF70660768,134.01,0.0,92489.66
2021-06-30,2021-06-30,Business travel,REF49962589,421.46,0.0,92068.2
2021-06-30,2021-06-30,Business meal,REF41036593,247.79,0.0,91820.41
2021-07-08,2021-07-08,Business travel,REF67134846,336.62,0.0,91483.79
2021-07-11,2021-07-11,Training/conference,REF91715528,206.17,0.0,91277.62
2021-07-15,2021-07-15,"Service payment - Burke, Hernandez and Alexander",REF97681925,0.0,498.62,91776.24
2021-07-15,2021-07-15,"Service payment - Sanchez, Terry and Cox",REF54983370,0.0,375.71,92151.95
2021-07-15,2021-07-15,Payment from Walker Inc,REF30358969,0.0,884.51,93036.46
2021-07-15,2021-07-15,"Service payment - Bond, Ryan and Austin",REF50393585,0.0,491.24,93527.7
2021-07-15,2021-07-15,Invoice payment - Gordon-Snow,REF64956786,0.0,697.65,94225.35
2021-07-15,2021-07-15,Project payment - Contreras-Miller,REF83820077,0.0,740.64,94965.99
2021-07-15,2021-07-15,Business insurance premium,REF62351422,106.51,0.0,94859.48
2021-07-15,2021-07-15,"Invoice payment - Jones, Anderson and Hancock",REF31929324,0.0,388.92,95248.4
2021-07-15,2021-07-15,Service payment - Kennedy-Lewis,REF37825215,0.0,625.72,95874.12
2021-07-21,2021-07-21,Professional software license,REF73323733,156.14,0.0,95717.98
2021-07-25,2021-07-25,Business meal,REF30460662,170.94,0.0,95547.04
2021-07-26,2021-07-26,Business travel,REF86043025,280.97,0.0,95266.07
2021-07-28,2021-07-28,Accounting expense,REF32394875,111.23,0.0,95154.84
2021-07-30,2021-07-30,Marketing expenses,REF72588031,319.28,0.0,94835.56
2021-08-05,2021-08-05,Business travel,REF65368291,411.58,0.0,94423.98
2021-08-06,2021-08-06,Marketing expenses,REF91483553,115.07,0.0,94308.91
2021-08-08,2021-08-08,Business meal,REF99539174,89.37,0.0,94219.54
2021-08-11,2021-08-11,Training/conference,REF56722038,141.18,0.0,94078.36
2021-08-15,2021-08-15,"Payment from Bond, Ryan and Austin",REF92937149,0.0,715.71,94794.07
2021-08-15,2021-08-15,Business insurance premium,REF33239943,106.63,0.0,94687.44
2021-08-15,2021-08-15,Service payment - Gordon-Snow,REF21505615,0.0,600.51,95287.95
2021-08-15,2021-08-15,Payment from Contreras-Miller,REF19716039,0.0,835.3,96123.25
2021-08-15,2021-08-15,"Project payment - Sanchez, Terry and Cox",REF42086092,0.0,347.33,96470.58
2021-08-15,2021-08-15,Invoice payment - Kennedy-Lewis,REF19668809,0.0,644.44,97115.02
2021-08-15,2021-08-15,"Service payment - Burke, Hernandez and Alexander",REF44543718,0.0,464.47,97579.49
2021-08-15,2021-08-15,Project payment - Walker Inc,REF66365173,0.0,722.63,98302.12
2021-08-15,2021-08-15,"Invoice payment - Jones, Anderson and Hancock",REF93936133,0.0,451.32,98753.44
2021-08-17,2021-08-17,Business meal,REF28223008,222.74,0.0,98530.7
2021-08-18,2021-08-18,Marketing expenses,REF52911294,154.37,0.0,98376.33
2021-08-21,2021-08-21,Business travel,REF79792416,256.15,0.0,98120.18
2021-08-21,2021-08-21,Professional software license,REF59271490,157.78,0.0,97962.4
2021-09-01,2021-09-01,Equipment purchase,REF12708472,205.09,0.0,97757.31
2021-09-14,2021-09-14,Coworking space rental,REF18277746,211.66,0.0,97545.65
2021-09-15,2021-09-15,Project payment - Gordon-Snow,REF35794473,0.0,889.09,98434.74
2021-09-15,2021-09-15,"Project payment - Sanchez, Terry and Cox",REF21054672,0.0,443.54,98878.28
2021-09-15,2021-09-15,"Service payment - Jones, Anderson and Hancock",REF23292708,0.0,599.29,99477.57
2021-09-15,2021-09-15,Payment from Walker Inc,REF67311474,0.0,684.27,100161.84
2021-09-15,2021-09-15,"Project payment - Burke, Hernandez and Alexander",REF78297641,0.0,652.66,100814.5
2021-09-15,2021-09-15,"Payment from Bond, Ryan and Austin",REF33402028,0.0,1118.2,101932.7
2021-09-15,2021-09-15,Service payment - Kennedy-Lewis,REF59937217,0.0,895.88,102828.58
2021-09-15,2021-09-15,Invoice payment - Contreras-Miller,REF91518160,0.0,958.13,103786.71
2021-09-15,2021-09-15,Business insurance premium,REF85998394,141.28,0.0,103645.43
2021-09-18,2021-09-18,Coworking space rental,REF83180214,152.53,0.0,103492.9
2021-09-21,2021-09-21,Business travel,REF91534420,227.12,0.0,103265.78
2021-09-21,2021-09-21,Professional software license,REF89022875,222.16,0.0,103043.62
2021-10-03,2021-10-03,Marketing expenses,REF45233910,495.68,0.0,102547.94
2021-10-15,2021-10-15,Business insurance premium,REF60890255,164.05,0.0,102383.89
2021-10-15,2021-10-15,"Payment from Jones, Anderson and Hancock",REF13907132,0.0,689.28,103073.17
2021-10-15,2021-10-15,Payment from Kennedy-Lewis,REF22283690,0.0,1113.2,104186.37
2021-10-15,2021-10-15,"Project payment - Bond, Ryan and Austin",REF40606480,0.0,575.67,104762.04
2021-10-15,2021-10-15,Invoice payment - Gordon-Snow,REF12154492,0.0,1107.1,105869.14
2021-10-15,2021-10-15,Service payment - Walker Inc,REF27686780,0.0,752.36,106621.5
2021-10-15,2021-10-15,Invoice payment - Contreras-Miller,REF29335482,0.0,1047.39,107668.89
2021-10-15,2021-10-15,"Payment from Burke, Hernandez and Alexander",REF30634970,0.0,806.98,108475.87
2021-10-20,2021-10-20,Business meal,REF49508480,331.19,0.0,108144.68
2021-10-21,2021-10-21,Business meal,REF43300519,381.39,0.0,107763.29
2021-10-21,2021-10-21,Professional software license,REF91283219,248.31,0.0,107514.98
2021-10-29,2021-10-29,Business travel,REF39575569,553.53,0.0,106961.45
2021-11-10,2021-11-10,Training/conference,REF24618395,193.39,0.0,106768.06
2021-11-12,2021-11-12,Accounting expense,REF52461344,276.79,0.0,106491.27
2021-11-15,2021-11-15,"Project payment - Jones, Anderson and Hancock",REF97532325,0.0,766.84,107258.11
2021-11-15,2021-11-15,"Invoice payment - Bond, Ryan and Austin",REF34594354,0.0,852.3,108110.41
2021-11-15,2021-11-15,Project payment - Kennedy-Lewis,REF48501070,0.0,1038.83,109149.24
2021-11-15,2021-11-15,Project payment - Walker Inc,REF24792850,0.0,851.13,110000.37
2021-11-15,2021-11-15,Business insurance premium,REF55080582,147.16,0.0,109853.21
2021-11-15,2021-11-15,"Project payment - Sanchez, Terry and Cox",REF37836777,0.0,524.45,110377.66
2021-11-15,2021-11-15,Payment from Contreras-Miller,REF46158210,0.0,960.05,111337.71
2021-11-16,2021-11-16,Business travel,REF45247309,202.36,0.0,111135.35
2021-11-18,2021-11-18,Coworking space rental,REF45214418,227.73,0.0,110907.62
2021-11-19,2021-11-19,Business meal,REF85606925,208.28,0.0,110699.34
2021-11-20,2021-11-20,Marketing expenses,REF63090784,322.95,0.0,110376.39
2021-11-21,2021-11-21,Professional software license,REF30299289,217.32,0.0,110159.07
2021-11-26,2021-11-26,Business meal,REF14527296,308.81,0.0,109850.26
2021-11-26,2021-11-26,Coworking space rental,REF64849171,338.25,0.0,109512.01
2021-12-03,2021-12-03,Business meal,REF42679937,181.43,0.0,109330.58
2021-12-15,2021-12-15,Business insurance premium,REF35054360,130.06,0.0,109200.52
2021-12-15,2021-12-15,"Payment from Jones, Anderson and Hancock",REF78089217,0.0,474.27,109674.79
2021-12-15,2021-12-15,Service payment - Gordon-Snow,REF75538494,0.0,733.75,110408.54
2021-12-15,2021-12-15,"Invoice payment - Sanchez, Terry and Cox",REF60907736,0.0,476.55,110885.09
2021-12-15,2021-12-15,Project payment - Walker Inc,REF77477714,0.0,602.18,111487.27
2021-12-15,2021-12-15,Service payment - Kennedy-Lewis,REF86614069,0.0,789.5,112276.77
2021-12-15,2021-12-15,"Project payment - Bond, Ryan and Austin",REF13658541,0.0,526.81,112803.58
2021-12-15,2021-12-15,"Project payment - Burke, Hernandez and Alexander",REF24121741,0.0,617.93,113421.51
2021-12-17,2021-12-17,Business travel,REF94600134,394.03,0.0,113027.48
2021-12-19,2021-12-19,Marketing expenses,REF42395850,229.95,0.0,112797.53
2021-12-21,2021-12-21,Professional software license,REF55812809,160.89,0.0,112636.64
2021-12-21,2021-12-21,Equipment purchase,REF70813662,76.99,0.0,112559.65
2021-12-26,2021-12-26,Marketing expenses,REF58322194,274.13,0.0,112285.52
2022-01-06,2022-01-06,Equipment purchase,REF27056170,301.8,0.0,111983.72
2022-01-06,2022-01-06,Business travel,REF40786160,170.69,0.0,111813.03
2022-01-08,2022-01-08,Accounting expense,REF45985343,320.3,0.0,111492.73
2022-01-09,2022-01-09,Training/conference,REF82637998,195.91,0.0,111296.82
2022-01-10,2022-01-10,Business meal,REF84919681,475.44,0.0,110821.38
2022-01-15,2022-01-15,Invoice payment - Walker Inc,REF21683140,0.0,880.45,111701.83
2022-01-15,2022-01-15,"Invoice payment - Burke, Hernandez and Alexander",REF89978593,0.0,890.66,112592.49
2022-01-15,2022-01-15,Payment from Gordon-Snow,REF76368902,0.0,962.32,113554.81
2022-01-15,2022-01-15,"Payment from Sanchez, Terry and Cox",REF19440214,0.0,627.49,114182.3
2022-01-15,2022-01-15,Business insurance premium,REF65092362,182.08,0.0,114000.22
2022-01-15,2022-01-15,"Payment from Jones, Anderson and Hancock",REF89345750,0.0,955.19,114955.41
2022-01-15,2022-01-15,"Service payment - Bond, Ryan and Austin",REF10095625,0.0,723.55,115678.96
2022-01-21,2022-01-21,Professional software license,REF54596266,281.27,0.0,115397.69
2022-01-29,2022-01-29,Training/conference,REF97713387,234.82,0.0,115162.87
2022-02-01,2022-02-01,Business meal,REF37594047,297.89,0.0,114864.98
2022-02-03,2022-02-03,Accounting expense,REF92949950,270.12,0.0,114594.86
2022-02-06,2022-02-06,Marketing expenses,REF20464406,354.1,0.0,114240.76
2022-02-10,2022-02-10,Business meal,REF67954712,395.89,0.0,113844.87
2022-02-11,2022-02-11,Training/conference,REF70939858,272.91,0.0,113571.96
2022-02-12,2022-02-12,Accounting expense,REF52094977,221.9,0.0,113350.06
2022-02-14,2022-02-14,Equipment purchase,REF37902716,171.58,0.0,113178.48
2022-02-15,2022-02-15,Service payment - Contreras-Miller,REF82915760,0.0,1097.47,114275.95
2022-02-15,2022-02-15,"Payment from Jones, Anderson and Hancock",REF83293307,0.0,694.78,114970.73
2022-02-15,2022-02-15,Business insurance premium,REF60196597,147.51,0.0,114823.22
2022-02-15,2022-02-15,"Service payment - Sanchez, Terry and Cox",REF78207425,0.0,566.92,115390.14
2022-02-15,2022-02-15,Payment from Walker Inc,REF66335116,0.0,867.39,116257.53
2022-02-15,2022-02-15,"Service payment - Bond, Ryan and Austin",REF25960217,0.0,961.64,117219.17
2022-02-15,2022-02-15,Service payment - Gordon-Snow,REF56349138,0.0,1335.42,118554.59
2022-02-15,2022-02-15,"Project payment - Burke, Hernandez and Alexander",REF51986089,0.0,872.99,119427.58
2022-02-21,2022-02-21,Coworking space rental,REF56104527,344.25,0.0,119083.33
2022-02-21,2022-02-21,Professional software license,REF33570302,208.44,0.0,118874.89
2022-02-22,2022-02-22,Marketing expenses,REF43487836,233.21,0.0,118641.68
2022-02-25,2022-02-25,Coworking space rental,REF37769051,247.75,0.0,118393.93
2022-03-07,2022-03-07,Business meal,REF31117373,318.01,0.0,118075.92
2022-03-15,2022-03-15,Business insurance premium,REF23385621,140.22,0.0,117935.7
2022-03-15,2022-03-15,"Payment from Jones, Anderson and Hancock",REF68730009,0.0,674.3,118610.0
2022-03-15,2022-03-15,"Project payment - Bond, Ryan and Austin",REF77754652,0.0,762.03,119372.03
2022-03-15,2022-03-15,"Invoice payment - Sanchez, Terry and Cox",REF34714274,0.0,482.94,119854.97
2022-03-15,2022-03-15,Payment from Contreras-Miller,REF20530033,0.0,764.35,120619.32
2022-03-15,2022-03-15,Project payment - Walker Inc,REF23243514,0.0,884.11,121503.43
2022-03-15,2022-03-15,Project payment - Kennedy-Lewis,REF96041638,0.0,860.42,122363.85
2022-03-15,2022-03-15,"Payment from Burke, Hernandez and Alexander",REF62736431,0.0,678.76,123042.61
2022-03-15,2022-03-15,Project payment - Gordon-Snow,REF89345262,0.0,999.01,124041.62
2022-03-17,2022-03-17,Marketing expenses,REF34856031,538.43,0.0,123503.19
2022-03-21,2022-03-21,Professional software license,REF50443809,199.43,0.0,123303.76
2022-03-26,2022-03-26,Business travel,REF24798479,479.12,0.0,122824.64
2022-03-27,2022-03-27,Training/conference,REF84862010,160.01,0.0,122664.63
2022-03-28,2022-03-28,Equipment purchase,REF80338261,183.43,0.0,122481.2
2022-03-29,2022-03-29,Equipment purchase,REF67308911,193.18,0.0,122288.02
2022-03-29,2022-03-29,Training/conference,REF73946279,230.21,0.0,122057.81
2022-04-07,2022-04-07,Marketing expenses,REF82185041,213.28,0.0,121844.53
2022-04-10,2022-04-10,Business travel,REF86129785,348.31,0.0,121496.22
2022-04-14,2022-04-14,Training/conference,REF47054228,247.19,0.0,121249.03
2022-04-15,2022-04-15,Business insurance premium,REF41372239,139.32,0.0,121109.71
2022-04-15,2022-04-15,"Project payment - Jones, Anderson and Hancock",REF31307582,0.0,597.27,121706.98
2022-04-15,2022-04-15,Payment from Gordon-Snow,REF65500506,0.0,941.94,122648.92
2022-04-15,2022-04-15,Project payment - Kennedy-Lewis,REF72154374,0.0,887.4,123536.32
2022-04-15,2022-04-15,"Invoice payment - Sanchez, Terry and Cox",REF64812934,0.0,424.47,123960.79
2022-04-15,2022-04-15,"Project payment - Burke, Hernandez and Alexander",REF28843105,0.0,616.01,124576.8
2022-04-15,2022-04-15,Payment from Contreras-Miller,REF67703033,0.0,813.47,125390.27
2022-04-15,2022-04-15,Project payment - Walker Inc,REF88420451,0.0,798.79,126189.06
2022-04-15,2022-04-15,"Invoice payment - Bond, Ryan and Austin",REF33847916,0.0,814.49,127003.55
2022-04-18,2022-04-18,Business meal,REF29266824,256.26,0.0,126747.29
2022-04-19,2022-04-19,Business meal,REF35383038,327.64,0.0,126419.65
2022-04-20,2022-04-20,Accounting expense,REF71059111,225.76,0.0,126193.89
2022-04-21,2022-04-21,Business travel,REF88181237,412.31,0.0,125781.58
2022-04-21,2022-04-21,Professional software license,REF48071234,177.31,0.0,125604.27
2022-04-23,2022-04-23,Training/conference,REF99045307,304.31,0.0,125299.96
2022-04-24,2022-04-24,Business travel,REF76458114,278.2,0.0,125021.76
2022-04-24,2022-04-24,Equipment purchase,REF92103410,216.18,0.0,124805.58
2022-04-28,2022-04-28,Marketing expenses,REF60935245,211.0,0.0,124594.58
2022-04-30,2022-04-30,Equipment purchase,REF43617694,124.7,0.0,124469.88
2022-05-01,2022-05-01,Equipment purchase,REF26962297,81.78,0.0,124388.1
2022-05-04,2022-05-04,Training/conference,REF72792515,198.09,0.0,124190.01
2022-05-06,2022-05-06,Training/conference,REF26527739,255.47,0.0,123934.54
2022-05-09,2022-05-09,Marketing expenses,REF47937482,207.71,0.0,123726.83
2022-05-10,2022-05-10,Business travel,REF59795824,374.12,0.0,123352.71
2022-05-12,2022-05-12,Accounting expense,REF46020742,58.66,0.0,123294.05
2022-05-15,2022-05-15,Payment from Contreras-Miller,REF55981149,0.0,763.4,124057.45
2022-05-15,2022-05-15,"Service payment - Bond, Ryan and Austin",REF15083373,0.0,591.42,124648.87
2022-05-15,2022-05-15,Business insurance premium,REF12695151,135.25,0.0,124513.62
2022-05-15,2022-05-15,"Project payment - Burke, Hernandez and Alexander",REF94905915,0.0,609.9,125123.52
2022-05-15,2022-05-15,"Invoice payment - Sanchez, Terry and Cox",REF11010843,0.0,330.89,125454.41
2022-05-15,2022-05-15,Service payment - Gordon-Snow,REF38228718,0.0,901.04,126355.45
2022-05-15,2022-05-15,"Project payment - Jones, Anderson and Hancock",REF35210549,0.0,555.82,126911.27
2022-05-15,2022-05-15,Service payment - Kennedy-Lewis,REF67303271,0.0,567.15,127478.42
2022-05-15,2022-05-15,Project payment - Walker Inc,REF40756473,0.0,773.51,128251.93
2022-05-21,2022-05-21,Professional software license,REF39868169,171.47,0.0,128080.46
2022-05-22,2022-05-22,Business travel,REF45683289,278.51,0.0,127801.95
2022-06-03,2022-06-03,Equipment purchase,REF97386422,61.63,0.0,127740.32
2022-06-08,2022-06-08,Equipment purchase,REF82090303,68.1,0.0,127672.22
2022-06-15,2022-06-15,Business insurance premium,REF93255734,115.42,0.0,127556.8
2022-06-15,2022-06-15,"Invoice payment - Jones, Anderson and Hancock",REF31718506,0.0,319.14,127875.94
2022-06-15,2022-06-15,Payment from Gordon-Snow,REF14786646,0.0,580.71,128456.65
2022-06-15,2022-06-15,"Payment from Burke, Hernandez and Alexander",REF18202753,0.0,528.08,128984.73
2022-06-15,2022-06-15,"Invoice payment - Bond, Ryan and Austin",REF49734497,0.0,671.83,129656.56
2022-06-15,2022-06-15,Payment from Kennedy-Lewis,REF70293326,0.0,629.82,130286.38
2022-06-15,2022-06-15,"Project payment - Sanchez, Terry and Cox",REF45649132,0.0,433.54,130719.92
2022-06-15,2022-06-15,Project payment - Contreras-Miller,REF39011413,0.0,721.65,131441.57
2022-06-15,2022-06-15,Project payment - Walker Inc,REF59575207,0.0,671.69,132113.26
2022-06-21,2022-06-21,Accounting expense,REF47375316,111.84,0.0,132001.42
2022-06-21,2022-06-21,Professional software license,REF67470019,183.2,0.0,131818.22
2022-06-22,2022-06-22,Equipment purchase,REF36391205,136.57,0.0,131681.65
2022-06-23,2022-06-23,Training/conference,REF40348412,121.31,0.0,131560.34
2022-07-04,2022-07-04,Equipment purchase,REF47346596,89.63,0.0,131470.71
2022-07-07,2022-07-07,Business meal,REF85858485,173.41,0.0,131297.3
2022-07-11,2022-07-11,Business travel,REF44505674,195.78,0.0,131101.52
2022-07-12,2022-07-12,Marketing expenses,REF83029991,184.18,0.0,130917.34
2022-07-13,2022-07-13,Accounting expense,REF95533138,71.89,0.0,130845.45
2022-07-15,2022-07-15,Accounting expense,REF72188625,123.76,0.0,130721.69
2022-07-15,2022-07-15,"Service payment - Burke, Hernandez and Alexander",REF83481051,0.0,537.54,131259.23
2022-07-15,2022-07-15,Project payment - Kennedy-Lewis,REF75243983,0.0,573.07,131832.3
2022-07-15,2022-07-15,"Project payment - Bond, Ryan and Austin",REF71907204,0.0,503.0,132335.3
2022-07-15,2022-07-15,Payment from Contreras-Miller,REF88771953,0.0,757.84,133093.14
2022-07-15,2022-07-15,Business insurance premium,REF11014842,98.98,0.0,132994.16
2022-07-15,2022-07-15,Payment from Walker Inc,REF57678263,0.0,619.72,133613.88
2022-07-15,2022-07-15,"Project payment - Sanchez, Terry and Cox",REF51172706,0.0,369.81,133983.69
2022-07-15,2022-07-15,"Service payment - Jones, Anderson and Hancock",REF24222970,0.0,403.72,134387.41
2022-07-15,2022-07-15,Payment from Gordon-Snow,REF56343256,0.0,570.18,134957.59
2022-07-17,2022-07-17,Business travel,REF94579979,291.26,0.0,134666.33
2022-07-18,2022-07-18,Business meal,REF49341019,169.62,0.0,134496.71
2022-07-21,2022-07-21,Professional software license,REF27811338,142.25,0.0,134354.46
2022-07-21,2022-07-21,Business meal,REF18269342,135.2,0.0,134219.26
2022-07-22,2022-07-22,Business meal,REF33527779,104.94,0.0,134114.32
2022-07-24,2022-07-24,Training/conference,REF49823281,113.76,0.0,134000.56
2022-07-25,2022-07-25,Training/conference,REF86044754,196.28,0.0,133804.28
2022-07-27,2022-07-27,Accounting expense,REF95736949,131.7,0.0,133672.58
2022-07-29,2022-07-29,Coworking space rental,REF17712317,244.08,0.0,133428.5
2022-07-30,2022-07-30,Equipment purchase,REF75282367,101.6,0.0,133326.9
2022-08-01,2022-08-01,Training/conference,REF94843642,142.6,0.0,133184.3
2022-08-02,2022-08-02,Coworking space rental,REF71416724,281.11,0.0,132903.19
2022-08-07,2022-08-07,Accounting expense,REF22064572,254.16,0.0,132649.03
2022-08-08,2022-08-08,Training/conference,REF18972317,120.38,0.0,132528.65
2022-08-08,2022-08-08,Business travel,REF96262235,334.28,0.0,132194.37
2022-08-09,2022-08-09,Coworking space rental,REF78480984,345.9,0.0,131848.47
2022-08-11,2022-08-11,Business travel,REF89846415,309.25,0.0,131539.22
2022-08-15,2022-08-15,Marketing expenses,REF18358182,281.27,0.0,131257.95
2022-08-15,2022-08-15,Business insurance premium,REF80007377,103.79,0.0,131154.16
2022-08-15,2022-08-15,Payment from Contreras-Miller,REF56276103,0.0,638.31,131792.47
2022-08-15,2022-08-15,"Service payment - Sanchez, Terry and Cox",REF94159454,0.0,304.49,132096.96
2022-08-15,2022-08-15,"Project payment - Jones, Anderson and Hancock",REF50278637,0.0,530.63,132627.59
2022-08-15,2022-08-15,Project payment - Walker Inc,REF46440147,0.0,729.13,133356.72
2022-08-15,2022-08-15,"Service payment - Bond, Ryan and Austin",REF19263319,0.0,600.05,133956.77
2022-08-15,2022-08-15,Service payment - Gordon-Snow,REF82830292,0.0,795.39,134752.16
2022-08-15,2022-08-15,Invoice payment - Kennedy-Lewis,REF82644039,0.0,641.08,135393.24
2022-08-19,2022-08-19,Coworking space rental,REF64860321,341.91,0.0,135051.33
2022-08-20,2022-08-20,Marketing expenses,REF47982790,267.18,0.0,134784.15
2022-08-21,2022-08-21,Training/conference,REF79256524,193.97,0.0,134590.18
2022-08-21,2022-08-21,Professional software license,REF22925328,174.18,0.0,134416.0
2022-08-22,2022-08-22,Marketing expenses,REF62327683,232.18,0.0,134183.82
2022-08-25,2022-08-25,Accounting expense,REF37991270,140.52,0.0,134043.3
2022-08-30,2022-08-30,Business meal,REF68189339,155.81,0.0,133887.49
2022-09-01,2022-09-01,Coworking space rental,REF81506316,146.97,0.0,133740.52
2022-09-08,2022-09-08,Business travel,REF95104240,475.93,0.0,133264.59
2022-09-08,2022-09-08,Business meal,REF63441582,231.57,0.0,133033.02
2022-09-12,2022-09-12,Business meal,REF51245790,194.68,0.0,132838.34
2022-09-13,2022-09-13,Equipment purchase,REF24484550,153.87,0.0,132684.47
2022-09-15,2022-09-15,Business insurance premium,REF35629974,151.98,0.0,132532.49
2022-09-15,2022-09-15,"Service payment - Sanchez, Terry and Cox",REF10401607,0.0,641.5,133173.99
2022-09-15,2022-09-15,"Payment from Burke, Hernandez and Alexander",REF77095785,0.0,808.56,133982.55
2022-09-15,2022-09-15,Project payment - Kennedy-Lewis,REF62104334,0.0,938.62,134921.17
2022-09-15,2022-09-15,Invoice payment - Walker Inc,REF75338041,0.0,745.01,135666.18
2022-09-15,2022-09-15,Service payment - Gordon-Snow,REF59215233,0.0,924.35,136590.53
2022-09-15,2022-09-15,"Invoice payment - Jones, Anderson and Hancock",REF40675888,0.0,755.13,137345.66
2022-09-15,2022-09-15,"Project payment - Bond, Ryan and Austin",REF39089866,0.0,609.84,137955.5
2022-09-15,2022-09-15,Payment from Contreras-Miller,REF37011821,0.0,945.86,138901.36
2022-09-21,2022-09-21,Professional software license,REF21537579,259.03,0.0,138642.33
2022-09-23,2022-09-23,Marketing expenses,REF97920863,154.77,0.0,138487.56
2022-09-27,2022-09-27,Business travel,REF97701702,535.68,0.0,137951.88
2022-10-01,2022-10-01,Business meal,REF56801757,160.93,0.0,137790.95
2022-10-02,2022-10-02,Business travel,REF24138130,719.09,0.0,137071.86
2022-10-06,2022-10-06,Business meal,REF49438940,263.84,0.0,136808.02
2022-10-08,2022-10-08,Marketing expenses,REF41172899,517.47,0.0,136290.55
2022-10-09,2022-10-09,Marketing expenses,REF88338870,234.51,0.0,136056.04
2022-10-10,2022-10-10,Business travel,REF67562616,307.92,0.0,135748.12
2022-10-15,2022-10-15,"Invoice payment - Jones, Anderson and Hancock",REF89753840,0.0,473.68,136221.8
2022-10-15,2022-10-15,"Invoice payment - Sanchez, Terry and Cox",REF23096664,0.0,560.86,136782.66
2022-10-15,2022-10-15,Project payment - Walker Inc,REF93174675,0.0,1182.06,137964.72
2022-10-15,2022-10-15,Invoice payment - Gordon-Snow,REF70377995,0.0,1035.69,139000.41
2022-10-15,2022-10-15,"Service payment - Burke, Hernandez and Alexander",REF14865400,0.0,868.23,139868.64
2022-10-15,2022-10-15,Invoice payment - Kennedy-Lewis,REF37778965,0.0,1125.47,140994.11
2022-10-15,2022-10-15,"Payment from Bond, Ryan and Austin",REF66113073,0.0,834.61,141828.72
2022-10-15,2022-10-15,Invoice payment - Contreras-Miller,REF15945711,0.0,1096.99,142925.71
2022-10-15,2022-10-15,Business insurance premium,REF77926183,177.61,0.0,142748.1
2022-10-17,2022-10-17,Business meal,REF75930935,349.83,0.0,142398.27
2022-10-17,2022-10-17,Accounting expense,REF44704450,327.29,0.0,142070.98
2022-10-19,2022-10-19,Business meal,REF35119494,133.14,0.0,141937.84
2022-10-19,2022-10-19,Accounting expense,REF13993632,263.17,0.0,141674.67
2022-10-21,2022-10-21,Professional software license,REF72645395,222.78,0.0,141451.89
2022-10-24,2022-10-24,Business meal,REF40434273,374.91,0.0,141076.98
2022-10-25,2022-10-25,Equipment purchase,REF25091306,144.28,0.0,140932.7
2022-10-27,2022-10-27,Business meal,REF16828729,248.2,0.0,140684.5
2022-10-29,2022-10-29,Equipment purchase,REF11678267,124.08,0.0,140560.42
2022-11-02,2022-11-02,Business travel,REF48915670,306.48,0.0,140253.94
2022-11-05,2022-11-05,Marketing expenses,REF58040085,407.65,0.0,139846.29
2022-11-06,2022-11-06,Business meal,REF58098966,292.34,0.0,139553.95
2022-11-08,2022-11-08,Business meal,REF14924750,239.39,0.0,139314.56
2022-11-09,2022-11-09,Training/conference,REF52399660,195.91,0.0,139118.65
2022-11-15,2022-11-15,Payment from Walker Inc,REF18282260,0.0,776.38,139895.03
2022-11-15,2022-11-15,Business insurance premium,REF90364315,145.57,0.0,139749.46
2022-11-15,2022-11-15,"Service payment - Bond, Ryan and Austin",REF38545895,0.0,794.5,140543.96
2022-11-15,2022-11-15,"Service payment - Burke, Hernandez and Alexander",REF51867831,0.0,565.19,141109.15
2022-11-15,2022-11-15,"Invoice payment - Sanchez, Terry and Cox",REF13643120,0.0,588.93,141698.08
2022-11-15,2022-11-15,"Payment from Jones, Anderson and Hancock",REF55982582,0.0,508.75,142206.83
2022-11-15,2022-11-15,Service payment - Kennedy-Lewis,REF82041173,0.0,547.62,142754.45
2022-11-15,2022-11-15,Project payment - Gordon-Snow,REF15992390,0.0,770.33,143524.78
2022-11-15,2022-11-15,Payment from Contreras-Miller,REF24238116,0.0,866.73,144391.51
2022-11-21,2022-11-21,Professional software license,REF18778907,238.77,0.0,144152.74
2022-11-22,2022-11-22,Business meal,REF66868197,233.75,0.0,143918.99
2022-11-27,2022-11-27,Training/conference,REF98435591,250.1,0.0,143668.89
2022-12-09,2022-12-09,Coworking space rental,REF90032082,206.5,0.0,143462.39
2022-12-10,2022-12-10,Business meal,REF55215382,177.89,0.0,143284.5
2022-12-11,2022-12-11,Training/conference,REF46333508,151.38,0.0,143133.12
2022-12-15,2022-12-15,"Project payment - Bond, Ryan and Austin",REF68039741,0.0,546.62,143679.74
2022-12-15,2022-12-15,"Project payment - Sanchez, Terry and Cox",REF42705335,0.0,426.35,144106.09
2022-12-15,2022-12-15,Invoice payment - Kennedy-Lewis,REF54878155,0.0,743.7,144849.79
2022-12-15,2022-12-15,"Invoice payment - Burke, Hernandez and Alexander",REF70272987,0.0,682.8,145532.59
2022-12-15,2022-12-15,Invoice payment - Walker Inc,REF62170775,0.0,777.48,146310.07
2022-12-15,2022-12-15,"Project payment - Jones, Anderson and Hancock",REF75383428,0.0,591.73,146901.8
2022-12-15,2022-12-15,Service payment - Gordon-Snow,REF27397798,0.0,759.99,147661.79
2022-12-15,2022-12-15,Payment from Contreras-Miller,REF59956649,0.0,741.76,148403.55
2022-12-15,2022-12-15,Business insurance premium,REF12985471,119.45,0.0,148284.1
2022-12-21,2022-12-21,Professional software license,REF22927492,182.95,0.0,148101.15
2022-12-25,2022-12-25,Business travel,REF67588407,270.94,0.0,147830.21
2022-12-27,2022-12-27,Marketing expenses,REF14931624,158.41,0.0,147671.8
2022-12-28,2022-12-28,Coworking space rental,REF97402415,358.06,0.0,147313.74
2022-12-31,2022-12-31,Marketing expenses,REF35872215,315.03,0.0,146998.71
2023-01-01,2023-01-01,Business meal,REF18127731,352.49,0.0,146646.22
2023-01-04,2023-01-04,Accounting expense,REF86843241,183.62,0.0,146462.6
2023-01-05,2023-01-05,Coworking space rental,REF69618001,486.87,0.0,145975.73
2023-01-11,2023-01-11,Coworking space rental,REF32853838,373.0,0.0,145602.73
2023-01-11,2023-01-11,Business meal,REF56903987,429.68,0.0,145173.05
2023-01-14,2023-01-14,Business meal,REF30033883,165.86,0.0,145007.19
2023-01-14,2023-01-14,Training/conference,REF84688818,155.35,0.0,144851.84
2023-01-15,2023-01-15,"Payment from Bond, Ryan and Austin",REF12883466,0.0,725.04,145576.88
2023-01-15,2023-01-15,Service payment - Gordon-Snow,REF35756256,0.0,1297.75,146874.63
2023-01-15,2023-01-15,Project payment - Walker Inc,REF13026471,0.0,892.38,147767.01
2023-01-15,2023-01-15,"Invoice payment - Burke, Hernandez and Alexander",REF37037201,0.0,684.1,148451.11
2023-01-15,2023-01-15,"Payment from Sanchez, Terry and Cox",REF14269657,0.0,585.17,149036.28
2023-01-15,2023-01-15,Business insurance premium,REF66888517,172.83,0.0,148863.45
2023-01-15,2023-01-15,Payment from Kennedy-Lewis,REF15745322,0.0,1097.51,149960.96
2023-01-15,2023-01-15,Payment from Contreras-Miller,REF66557285,0.0,1005.66,150966.62
2023-01-15,2023-01-15,"Payment from Jones, Anderson and Hancock",REF65989794,0.0,849.94,151816.56
2023-01-17,2023-01-17,Equipment purchase,REF97357669,105.41,0.0,151711.15
2023-01-19,2023-01-19,Coworking space rental,REF54857828,372.38,0.0,151338.77
2023-01-20,2023-01-20,Equipment purchase,REF88581680,145.92,0.0,151192.85
2023-01-21,2023-01-21,Professional software license,REF91551902,203.84,0.0,150989.01
2023-01-22,2023-01-22,Accounting expense,REF63386547,446.15,0.0,150542.86
2023-01-23,2023-01-23,Accounting expense,REF64668462,318.93,0.0,150223.93
2023-01-30,2023-01-30,Marketing expenses,REF98358169,302.51,0.0,149921.42
2023-02-09,2023-02-09,Business meal,REF92015289,232.71,0.0,149688.71
2023-02-12,2023-02-12,Business meal,REF38639619,326.68,0.0,149362.03
2023-02-14,2023-02-14,Business meal,REF82109407,400.05,0.0,148961.98
2023-02-15,2023-02-15,Invoice payment - Walker Inc,REF51252057,0.0,894.77,149856.75
2023-02-15,2023-02-15,Invoice payment - Kennedy-Lewis,REF46772572,0.0,957.32,150814.07
2023-02-15,2023-02-15,Business insurance premium,REF78463404,162.61,0.0,150651.46
2023-02-15,2023-02-15,"Service payment - Bond, Ryan and Austin",REF13613356,0.0,891.53,151542.99
2023-02-15,2023-02-15,Service payment - Gordon-Snow,REF60009113,0.0,1157.21,152700.2
2023-02-15,2023-02-15,"Invoice payment - Jones, Anderson and Hancock",REF15591849,0.0,643.25,153343.45
2023-02-15,2023-02-15,"Service payment - Burke, Hernandez and Alexander",REF58293750,0.0,735.36,154078.81
2023-02-15,2023-02-15,"Invoice payment - Sanchez, Terry and Cox",REF36855192,0.0,473.35,154552.16
2023-02-15,2023-02-15,Invoice payment - Contreras-Miller,REF28237927,0.0,1051.12,155603.28
2023-02-21,2023-02-21,Professional software license,REF34718428,199.9,0.0,155403.38
2023-02-22,2023-02-22,Business meal,REF83593322,346.33,0.0,155057.05
2023-02-23,2023-02-23,Business meal,REF37283240,196.24,0.0,154860.81
2023-02-24,2023-02-24,Business meal,REF19112520,198.01,0.0,154662.8
2023-02-24,2023-02-24,Business travel,REF48944407,464.02,0.0,154198.78
2023-03-03,2023-03-03,Accounting expense,REF87117457,230.28,0.0,153968.5
2023-03-12,2023-03-12,Marketing expenses,REF60240899,214.63,0.0,153753.87
2023-03-15,2023-03-15,Invoice payment - Walker Inc,REF78338303,0.0,865.63,154619.5
2023-03-15,2023-03-15,Business insurance premium,REF28925924,133.02,0.0,154486.48
2023-03-15,2023-03-15,Payment from Kennedy-Lewis,REF76108706,0.0,892.19,155378.67
2023-03-15,2023-03-15,Project payment - Contreras-Miller,REF24036653,0.0,1075.14,156453.81
2023-03-15,2023-03-15,"Payment from Sanchez, Terry and Cox",REF38375551,0.0,486.98,156940.79
2023-03-15,2023-03-15,"Payment from Burke, Hernandez and Alexander",REF51263216,0.0,627.31,157568.1
2023-03-15,2023-03-15,"Project payment - Bond, Ryan and Austin",REF54879733,0.0,747.15,158315.25
2023-03-15,2023-03-15,"Project payment - Jones, Anderson and Hancock",REF87866967,0.0,563.1,158878.35
2023-03-15,2023-03-15,Payment from Gordon-Snow,REF80683320,0.0,762.54,159640.89
2023-03-21,2023-03-21,Professional software license,REF66101376,171.16,0.0,159469.73
2023-03-25,2023-03-25,Business travel,REF58853139,557.61,0.0,158912.12
2023-03-25,2023-03-25,Marketing expenses,REF32525283,254.42,0.0,158657.7
2023-03-27,2023-03-27,Business travel,REF51016524,509.89,0.0,158147.81
2023-03-30,2023-03-30,Accounting expense,REF25721187,157.13,0.0,157990.68
2023-03-30,2023-03-30,Training/conference,REF64375815,169.87,0.0,157820.81
2023-04-07,2023-04-07,Training/conference,REF23645512,122.83,0.0,157697.98
2023-04-15,2023-04-15,Payment from Kennedy-Lewis,REF85978906,0.0,620.54,158318.52
2023-04-15,2023-04-15,"Service payment - Sanchez, Terry and Cox",REF87413039,0.0,462.28,158780.8
2023-04-15,2023-04-15,Coworking space rental,REF62126884,197.42,0.0,158583.38
2023-04-15,2023-04-15,Accounting expense,REF35877599,271.1,0.0,158312.28
2023-04-15,2023-04-15,"Project payment - Jones, Anderson and Hancock",REF71203950,0.0,735.95,159048.23
2023-04-15,2023-04-15,"Invoice payment - Burke, Hernandez and Alexander",REF61225855,0.0,735.93,159784.16
2023-04-15,2023-04-15,Business insurance premium,REF50884563,122.61,0.0,159661.55
2023-04-15,2023-04-15,Project payment - Gordon-Snow,REF94423057,0.0,765.62,160427.17
2023-04-15,2023-04-15,Invoice payment - Walker Inc,REF29424409,0.0,1020.06,161447.23
2023-04-15,2023-04-15,Project payment - Contreras-Miller,REF45292683,0.0,718.34,162165.57
2023-04-21,2023-04-21,Training/conference,REF10571921,198.12,0.0,161967.45
2023-04-21,2023-04-21,Professional software license,REF19592167,224.44,0.0,161743.01
2023-04-23,2023-04-23,Marketing expenses,REF24773490,138.83,0.0,161604.18
2023-04-26,2023-04-26,Accounting expense,REF74046533,276.73,0.0,161327.45
2023-04-28,2023-04-28,Training/conference,REF70250499,140.83,0.0,161186.62
2023-05-01,2023-05-01,Business travel,REF76874520,352.19,0.0,160834.43
2023-05-03,2023-05-03,Training/conference,REF74370402,101.04,0.0,160733.39
2023-05-07,2023-05-07,Accounting expense,REF67389000,233.63,0.0,160499.76
2023-05-09,2023-05-09,Business travel,REF52661894,338.45,0.0,160161.31
2023-05-11,2023-05-11,Training/conference,REF47391952,240.84,0.0,159920.47
2023-05-15,2023-05-15,Marketing expenses,REF36599912,265.66,0.0,159654.81
2023-05-15,2023-05-15,"Payment from Burke, Hernandez and Alexander",REF57072915,0.0,699.24,160354.05
2023-05-15,2023-05-15,Project payment - Kennedy-Lewis,REF81819541,0.0,634.28,160988.33
2023-05-15,2023-05-15,"Invoice payment - Sanchez, Terry and Cox",REF31658157,0.0,386.75,161375.08
2023-05-15,2023-05-15,Payment from Contreras-Miller,REF87669394,0.0,868.45,162243.53
2023-05-15,2023-05-15,"Payment from Jones, Anderson and Hancock",REF40320417,0.0,646.46,162889.99
2023-05-15,2023-05-15,Service payment - Gordon-Snow,REF55251983,0.0,719.71,163609.7
2023-05-15,2023-05-15,Business insurance premium,REF97281394,131.8,0.0,163477.9
2023-05-15,2023-05-15,"Invoice payment - Bond, Ryan and Austin",REF46582948,0.0,538.12,164016.02
2023-05-15,2023-05-15,Invoice payment - Walker Inc,REF50408216,0.0,823.35,164839.37
2023-05-16,2023-05-16,Business meal,REF62316929,158.39,0.0,164680.98
2023-05-21,2023-05-21,Professional software license,REF97177754,182.48,0.0,164498.5
2023-05-22,2023-05-22,Accounting expense,REF59464425,124.44,0.0,164374.06
2023-05-26,2023-05-26,Accounting expense,REF99820089,146.01,0.0,164228.05
2023-05-30,2023-05-30,Coworking space rental,REF60885904,281.74,0.0,163946.31
2023-06-01,2023-06-01,Coworking space rental,REF37129603,101.58,0.0,163844.73
2023-06-01,2023-06-01,Training/conference,REF68948693,84.4,0.0,163760.33
2023-06-10,2023-06-10,Business travel,REF95555155,274.56,0.0,163485.77
2023-06-12,2023-06-12,Equipment purchase,REF83881989,149.73,0.0,163336.04
2023-06-14,2023-06-14,Training/conference,REF95787615,193.68,0.0,163142.36
2023-06-15,2023-06-15,Business travel,REF69831182,402.08,0.0,162740.28
2023-06-15,2023-06-15,"Invoice payment - Jones, Anderson and Hancock",REF98059561,0.0,387.77,163128.05
2023-06-15,2023-06-15,Payment from Gordon-Snow,REF83580878,0.0,610.46,163738.51
2023-06-15,2023-06-15,"Payment from Burke, Hernandez and Alexander",REF49177303,0.0,536.83,164275.34
2023-06-15,2023-06-15,"Invoice payment - Bond, Ryan and Austin",REF35047146,0.0,638.88,164914.22
2023-06-15,2023-06-15,Project payment - Contreras-Miller,REF59145491,0.0,768.11,165682.33
2023-06-15,2023-06-15,Project payment - Kennedy-Lewis,REF50954178,0.0,716.23,166398.56
2023-06-15,2023-06-15,Business insurance premium,REF81110860,108.88,0.0,166289.68
2023-06-15,2023-06-15,Project payment - Walker Inc,REF58584122,0.0,727.27,167016.95
2023-06-15,2023-06-15,"Payment from Sanchez, Terry and Cox",REF98080208,0.0,366.51,167383.46
2023-06-19,2023-06-19,Marketing expenses,REF21705668,238.22,0.0,167145.24
2023-06-21,2023-06-21,Professional software license,REF94520137,129.89,0.0,167015.35
2023-06-29,2023-06-29,Business travel,REF40007661,211.44,0.0,166803.91
2023-06-30,2023-06-30,Business travel,REF81571091,322.17,0.0,166481.74
2023-07-08,2023-07-08,Business meal,REF69795560,111.38,0.0,166370.36
2023-07-09,2023-07-09,Business travel,REF32992530,196.62,0.0,166173.74
2023-07-14,2023-07-14,Marketing expenses,REF74048476,189.34,0.0,165984.4
2023-07-14,2023-07-14,Business travel,REF57930687,236.67,0.0,165747.73
2023-07-15,2023-07-15,Business insurance premium,REF87377312,97.02,0.0,165650.71
2023-07-15,2023-07-15,"Service payment - Bond, Ryan and Austin",REF59073148,0.0,467.34,166118.05
2023-07-15,2023-07-15,"Project payment - Jones, Anderson and Hancock",REF90615493,0.0,489.03,166607.08
2023-07-15,2023-07-15,Invoice payment - Gordon-Snow,REF26605695,0.0,628.12,167235.2
2023-07-15,2023-07-15,"Invoice payment - Burke, Hernandez and Alexander",REF77899282,0.0,409.04,167644.24
2023-07-15,2023-07-15,Payment from Contreras-Miller,REF11655241,0.0,444.13,168088.37
2023-07-15,2023-07-15,Invoice payment - Kennedy-Lewis,REF91950826,0.0,528.84,168617.21
2023-07-15,2023-07-15,"Project payment - Sanchez, Terry and Cox",REF98833484,0.0,436.48,169053.69
2023-07-15,2023-07-15,Invoice payment - Walker Inc,REF92331583,0.0,516.23,169569.92
2023-07-19,2023-07-19,Training/conference,REF45641721,34.77,0.0,169535.15
2023-07-19,2023-07-19,Coworking space rental,REF71977465,279.64,0.0,169255.51
2023-07-20,2023-07-20,Business meal,REF50300422,158.87,0.0,169096.64
2023-07-21,2023-07-21,Professional software license,REF79250659,145.78,0.0,168950.86
2023-07-30,2023-07-30,Business meal,REF46394632,177.41,0.0,168773.45
2023-07-31,2023-07-31,Training/conference,REF84455621,58.88,0.0,168714.57
2023-08-02,2023-08-02,Business meal,REF66849177,194.11,0.0,168520.46
2023-08-08,2023-08-08,Marketing expenses,REF86376769,238.75,0.0,168281.71
2023-08-10,2023-08-10,Equipment purchase,REF60997144,117.65,0.0,168164.06
2023-08-11,2023-08-11,Equipment purchase,REF47918649,154.31,0.0,168009.75
2023-08-12,2023-08-12,Business travel,REF39410926,288.29,0.0,167721.46
2023-08-15,2023-08-15,"Service payment - Burke, Hernandez and Alexander",REF52739974,0.0,550.63,168272.09
2023-08-15,2023-08-15,"Project payment - Jones, Anderson and Hancock",REF25121178,0.0,560.57,168832.66
2023-08-15,2023-08-15,Project payment - Contreras-Miller,REF91581164,0.0,557.83,169390.49
2023-08-15,2023-08-15,Business insurance premium,REF24932530,120.54,0.0,169269.95
2023-08-15,2023-08-15,Invoice payment - Gordon-Snow,REF13053808,0.0,805.23,170075.18
2023-08-15,2023-08-15,"Invoice payment - Sanchez, Terry and Cox",REF33063540,0.0,422.28,170497.46
2023-08-15,2023-08-15,"Service payment - Bond, Ryan and Austin",REF61361027,0.0,494.1,170991.56
2023-08-19,2023-08-19,Business meal,REF63066316,202.56,0.0,170789.0
2023-08-20,2023-08-20,Training/conference,REF84806025,100.98,0.0,170688.02
2023-08-21,2023-08-21,Professional software license,REF86355485,154.64,0.0,170533.38
2023-09-05,2023-09-05,Marketing expenses,REF73112213,335.23,0.0,170198.15
2023-09-06,2023-09-06,Marketing expenses,REF16515551,291.19,0.0,169906.96
2023-09-09,2023-09-09,Equipment purchase,REF53737896,192.88,0.0,169714.08
2023-09-11,2023-09-11,Business meal,REF77843789,392.33,0.0,169321.75
2023-09-15,2023-09-15,"Payment from Burke, Hernandez and Alexander",REF93695818,0.0,543.94,169865.69
2023-09-15,2023-09-15,Payment from Walker Inc,REF71642346,0.0,1029.68,170895.37
2023-09-15,2023-09-15,"Invoice payment - Sanchez, Terry and Cox",REF47337601,0.0,461.37,171356.74
2023-09-15,2023-09-15,Invoice payment - Contreras-Miller,REF87926584,0.0,1121.14,172477.88
2023-09-15,2023-09-15,"Payment from Jones, Anderson and Hancock",REF56447791,0.0,799.71,173277.59
2023-09-15,2023-09-15,Project payment - Gordon-Snow,REF20423132,0.0,1038.1,174315.69
2023-09-15,2023-09-15,Business insurance premium,REF39056816,161.98,0.0,174153.71
2023-09-15,2023-09-15,Project payment - Kennedy-Lewis,REF12590273,0.0,1174.78,175328.49
2023-09-17,2023-09-17,Training/conference,REF40272632,247.05,0.0,175081.44
2023-09-21,2023-09-21,Professional software license,REF51076730,248.72,0.0,174832.72
2023-09-25,2023-09-25,Business meal,REF49118147,237.87,0.0,174594.85
2023-09-26,2023-09-26,Business travel,REF25649334,408.73,0.0,174186.12
2023-09-27,2023-09-27,Coworking space rental,REF11105355,311.37,0.0,173874.75
2023-09-30,2023-09-30,Business meal,REF67776425,185.74,0.0,173689.01
2023-09-30,2023-09-30,Equipment purchase,REF13167895,96.72,0.0,173592.29
2023-10-01,2023-10-01,Business meal,REF11148652,267.02,0.0,173325.27
2023-10-05,2023-10-05,Business meal,REF60941594,211.39,0.0,173113.88
2023-10-15,2023-10-15,Project payment - Contreras-Miller,REF31909386,0.0,889.7,174003.58
2023-10-15,2023-10-15,Business insurance premium,REF86054077,162.3,0.0,173841.28
2023-10-15,2023-10-15,"Payment from Burke, Hernandez and Alexander",REF49145832,0.0,1019.61,174860.89
2023-10-15,2023-10-15,"Project payment - Jones, Anderson and Hancock",REF43776756,0.0,874.4,175735.29
2023-10-15,2023-10-15,Project payment - Gordon-Snow,REF69787538,0.0,1033.21,176768.5
2023-10-15,2023-10-15,"Payment from Bond, Ryan and Austin",REF21036317,0.0,820.08,177588.58
2023-10-15,2023-10-15,Invoice payment - Kennedy-Lewis,REF99887785,0.0,1096.51,178685.09
2023-10-17,2023-10-17,Business meal,REF79171402,217.74,0.0,178467.35
2023-10-21,2023-10-21,Equipment purchase,REF80573040,129.37,0.0,178337.98
2023-10-21,2023-10-21,Professional software license,REF34128460,214.15,0.0,178123.83
2023-10-22,2023-10-22,Training/conference,REF45789637,192.43,0.0,177931.4
2023-10-26,2023-10-26,Business travel,REF91162735,443.7,0.0,177487.7
2023-10-29,2023-10-29,Coworking space rental,REF40561059,505.27,0.0,176982.43
2023-11-02,2023-11-02,Coworking space rental,REF83986709,155.62,0.0,176826.81
2023-11-03,2023-11-03,Marketing expenses,REF97280386,322.25,0.0,176504.56
2023-11-04,2023-11-04,Coworking space rental,REF15879392,300.12,0.0,176204.44
2023-11-05,2023-11-05,Business meal,REF29187659,217.93,0.0,175986.51
2023-11-05,2023-11-05,Coworking space rental,REF20368693,384.6,0.0,175601.91
2023-11-09,2023-11-09,Coworking space rental,REF71786366,198.48,0.0,175403.43
2023-11-10,2023-11-10,Equipment purchase,REF38174713,154.52,0.0,175248.91
2023-11-13,2023-11-13,Business meal,REF70658608,319.04,0.0,174929.87
2023-11-15,2023-11-15,Payment from Kennedy-Lewis,REF49335136,0.0,1102.18,176032.05
2023-11-15,2023-11-15,"Payment from Sanchez, Terry and Cox",REF53947870,0.0,434.38,176466.43
2023-11-15,2023-11-15,Business meal,REF81166418,348.06,0.0,176118.37
2023-11-15,2023-11-15,"Service payment - Bond, Ryan and Austin",REF20245504,0.0,681.39,176799.76
2023-11-15,2023-11-15,Invoice payment - Contreras-Miller,REF85431041,0.0,934.6,177734.36
2023-11-15,2023-11-15,Project payment - Walker Inc,REF84891428,0.0,960.02,178694.38
2023-11-15,2023-11-15,Invoice payment - Gordon-Snow,REF55526286,0.0,784.49,179478.87
2023-11-15,2023-11-15,"Invoice payment - Burke, Hernandez and Alexander",REF31790019,0.0,664.23,180143.1
2023-11-15,2023-11-15,Business insurance premium,REF80856617,170.24,0.0,179972.86
2023-11-15,2023-11-15,"Invoice payment - Jones, Anderson and Hancock",REF50816856,0.0,680.87,180653.73
2023-11-15,2023-11-15,Equipment purchase,REF23490814,127.14,0.0,180526.59
2023-11-19,2023-11-19,Business meal,REF98568719,276.88,0.0,180249.71
2023-11-21,2023-11-21,Equipment purchase,REF74204813,164.31,0.0,180085.4
2023-11-21,2023-11-21,Professional software license,REF64317617,244.94,0.0,179840.46
2023-11-22,2023-11-22,Accounting expense,REF61187521,126.31,0.0,179714.15
2023-11-29,2023-11-29,Coworking space rental,REF64788720,381.44,0.0,179332.71
2023-12-05,2023-12-05,Business meal,REF10398209,246.84,0.0,179085.87
2023-12-06,2023-12-06,Equipment purchase,REF40657173,196.43,0.0,178889.44
2023-12-15,2023-12-15,Accounting expense,REF23391286,200.9,0.0,178688.54
2023-12-15,2023-12-15,"Payment from Burke, Hernandez and Alexander",REF74099393,0.0,690.08,179378.62
2023-12-15,2023-12-15,Service payment - Contreras-Miller,REF16843711,0.0,760.94,180139.56
2023-12-15,2023-12-15,"Invoice payment - Bond, Ryan and Austin",REF25139031,0.0,643.86,180783.42
2023-12-15,2023-12-15,Project payment - Walker Inc,REF19493256,0.0,896.98,181680.4
2023-12-15,2023-12-15,Service payment - Gordon-Snow,REF25189738,0.0,935.12,182615.52
2023-12-15,2023-12-15,"Project payment - Jones, Anderson and Hancock",REF63444073,0.0,600.29,183215.81
2023-12-15,2023-12-15,"Payment from Sanchez, Terry and Cox",REF16180700,0.0,477.67,183693.48
2023-12-15,2023-12-15,Business insurance premium,REF32339098,128.08,0.0,183565.4
2023-12-21,2023-12-21,Professional software license,REF20712285,158.45,0.0,183406.95
2023-12-21,2023-12-21,Accounting expense,REF27603722,134.13,0.0,183272.82
2023-12-23,2023-12-23,Training/conference,REF14830433,238.19,0.0,183034.63
2023-12-28,2023-12-28,Accounting expense,REF10488827,152.67,0.0,182881.96
2024-01-01,2024-01-01,Equipment purchase,REF54096687,270.1,0.0,182611.86
2024-01-07,2024-01-07,Business meal,REF16302728,378.86,0.0,182233.0
2024-01-07,2024-01-07,Training/conference,REF39563666,298.03,0.0,181934.97
2024-01-11,2024-01-11,Equipment purchase,REF23687143,148.1,0.0,181786.87
2024-01-13,2024-01-13,Coworking space rental,REF82360986,394.78,0.0,181392.09
2024-01-15,2024-01-15,Coworking space rental,REF58808385,243.78,0.0,181148.31
2024-01-15,2024-01-15,Payment from Contreras-Miller,REF61642650,0.0,848.18,181996.49
2024-01-15,2024-01-15,"Payment from Bond, Ryan and Austin",REF35103273,0.0,681.93,182678.42
2024-01-15,2024-01-15,Business insurance premium,REF59335077,169.39,0.0,182509.03
2024-01-15,2024-01-15,Project payment - Walker Inc,REF67529268,0.0,952.14,183461.17
2024-01-15,2024-01-15,"Payment from Jones, Anderson and Hancock",REF72911895,0.0,1008.82,184469.99
2024-01-15,2024-01-15,"Project payment - Sanchez, Terry and Cox",REF77288213,0.0,598.15,185068.14
2024-01-15,2024-01-15,"Service payment - Burke, Hernandez and Alexander",REF29772294,0.0,696.37,185764.51
2024-01-15,2024-01-15,Invoice payment - Gordon-Snow,REF21911662,0.0,1033.73,186798.24
2024-01-15,2024-01-15,Invoice payment - Kennedy-Lewis,REF25743835,0.0,1296.73,188094.97
2024-01-20,2024-01-20,Business travel,REF56052600,526.28,0.0,187568.69
2024-01-21,2024-01-21,Professional software license,REF19092171,212.58,0.0,187356.11
2024-01-21,2024-01-21,Marketing expenses,REF73733715,335.84,0.0,187020.27
2024-01-22,2024-01-22,Equipment purchase,REF71416792,220.74,0.0,186799.53
2024-01-26,2024-01-26,Coworking space rental,REF83567629,498.76,0.0,186300.77
2024-01-31,2024-01-31,Business meal,REF56512995,422.22,0.0,185878.55
2024-02-02,2024-02-02,Coworking space rental,REF50491918,306.28,0.0,185572.27
2024-02-05,2024-02-05,Coworking space rental,REF32785545,319.61,0.0,185252.66
2024-02-09,2024-02-09,Business travel,REF78431726,464.75,0.0,184787.91
2024-02-12,2024-02-12,Marketing expenses,REF42665896,333.34,0.0,184454.57
2024-02-12,2024-02-12,Business travel,REF34224553,223.89,0.0,184230.68
2024-02-15,2024-02-15,"Payment from Jones, Anderson and Hancock",REF50438889,0.0,775.5,185006.18
2024-02-15,2024-02-15,Payment from Kennedy-Lewis,REF25491528,0.0,767.31,185773.49
2024-02-15,2024-02-15,Invoice payment - Walker Inc,REF81897490,0.0,1124.73,186898.22
2024-02-15,2024-02-15,Project payment - Gordon-Snow,REF47990249,0.0,1167.39,188065.61
2024-02-15,2024-02-15,"Invoice payment - Bond, Ryan and Austin",REF12558051,0.0,762.73,188828.34
2024-02-15,2024-02-15,Business insurance premium,REF98984757,147.86,0.0,188680.48
2024-02-15,2024-02-15,"Service payment - Burke, Hernandez and Alexander",REF90230778,0.0,564.64,189245.12
2024-02-21,2024-02-21,Accounting expense,REF88521885,153.59,0.0,189091.53
2024-02-21,2024-02-21,Professional software license,REF15264497,243.26,0.0,188848.27
2024-02-23,2024-02-23,Equipment purchase,REF29207754,341.31,0.0,188506.96
2024-03-01,2024-03-01,Business travel,REF51226980,414.68,0.0,188092.28
2024-03-07,2024-03-07,Marketing expenses,REF24747068,160.23,0.0,187932.05
2024-03-08,2024-03-08,Business meal,REF65209654,245.19,0.0,187686.86
2024-03-10,2024-03-10,Accounting expense,REF79353080,145.98,0.0,187540.88
2024-03-15,2024-03-15,"Project payment - Sanchez, Terry and Cox",REF84385855,0.0,434.86,187975.74
2024-03-15,2024-03-15,Project payment - Contreras-Miller,REF53911034,0.0,935.81,188911.55
2024-03-15,2024-03-15,"Project payment - Bond, Ryan and Austin",REF39602583,0.0,516.77,189428.32
2024-03-15,2024-03-15,Invoice payment - Gordon-Snow,REF71447715,0.0,927.56,190355.88
2024-03-15,2024-03-15,Invoice payment - Walker Inc,REF60064254,0.0,801.39,191157.27
2024-03-15,2024-03-15,Business insurance premium,REF28532937,146.52,0.0,191010.75
2024-03-15,2024-03-15,Business meal,REF32838419,323.78,0.0,190686.97
2024-03-15,2024-03-15,Service payment - Kennedy-Lewis,REF96543460,0.0,757.37,191444.34
2024-03-15,2024-03-15,"Project payment - Burke, Hernandez and Alexander",REF53862233,0.0,565.31,192009.65
2024-03-15,2024-03-15,"Invoice payment - Jones, Anderson and Hancock",REF47558726,0.0,490.74,192500.39
2024-03-18,2024-03-18,Training/conference,REF38770620,159.45,0.0,192340.94
2024-03-18,2024-03-18,Marketing expenses,REF80130017,223.4,0.0,192117.54
2024-03-19,2024-03-19,Accounting expense,REF11870517,286.88,0.0,191830.66
2024-03-21,2024-03-21,Professional software license,REF10283449,199.63,0.0,191631.03
2024-03-22,2024-03-22,Training/conference,REF27284731,81.22,0.0,191549.81
2024-03-26,2024-03-26,Coworking space rental,REF83090173,311.23,0.0,191238.58
2024-03-29,2024-03-29,Marketing expenses,REF11070072,466.34,0.0,190772.24
2024-03-31,2024-03-31,Marketing expenses,REF80924318,295.21,0.0,190477.03
2024-04-06,2024-04-06,Marketing expenses,REF91312519,298.63,0.0,190178.4
2024-04-12,2024-04-12,Business travel,REF16873231,473.59,0.0,189704.81
2024-04-15,2024-04-15,"Invoice payment - Sanchez, Terry and Cox",REF72728923,0.0,637.42,190342.23
2024-04-15,2024-04-15,Project payment - Gordon-Snow,REF89804474,0.0,625.97,190968.2
2024-04-15,2024-04-15,Project payment - Contreras-Miller,REF42660456,0.0,1045.01,192013.21
2024-04-15,2024-04-15,"Payment from Jones, Anderson and Hancock",REF81633200,0.0,617.37,192630.58
2024-04-15,2024-04-15,Business insurance premium,REF16448160,141.72,0.0,192488.86
2024-04-15,2024-04-15,Project payment - Kennedy-Lewis,REF58878407,0.0,1154.97,193643.83
2024-04-15,2024-04-15,Payment from Walker Inc,REF34628584,0.0,692.03,194335.86
2024-04-15,2024-04-15,"Service payment - Bond, Ryan and Austin",REF27234948,0.0,661.31,194997.17
2024-04-15,2024-04-15,"Project payment - Burke, Hernandez and Alexander",REF79096139,0.0,566.79,195563.96
2024-04-20,2024-04-20,Business meal,REF13236081,339.75,0.0,195224.21
2024-04-21,2024-04-21,Professional software license,REF93387838,228.4,0.0,194995.81
2024-04-30,2024-04-30,Business meal,REF54890378,441.0,0.0,194554.81
2024-05-01,2024-05-01,Equipment purchase,REF19681206,113.38,0.0,194441.43
2024-05-02,2024-05-02,Business travel,REF40255569,371.43,0.0,194070.0
2024-05-02,2024-05-02,Business meal,REF93760526,154.68,0.0,193915.32
2024-05-14,2024-05-14,Business travel,REF41721576,480.31,0.0,193435.01
2024-05-15,2024-05-15,"Invoice payment - Jones, Anderson and Hancock",REF83102525,0.0,546.5,193981.51
2024-05-15,2024-05-15,Invoice payment - Walker Inc,REF14526662,0.0,849.43,194830.94
2024-05-15,2024-05-15,Service payment - Kennedy-Lewis,REF68699586,0.0,841.47,195672.41
2024-05-15,2024-05-15,Business insurance premium,REF25739902,131.62,0.0,195540.79
2024-05-15,2024-05-15,"Invoice payment - Bond, Ryan and Austin",REF22661962,0.0,598.5,196139.29
2024-05-15,2024-05-15,"Project payment - Burke, Hernandez and Alexander",REF40050168,0.0,639.11,196778.4
2024-05-15,2024-05-15,Project payment - Gordon-Snow,REF81995641,0.0,895.67,197674.07
2024-05-15,2024-05-15,"Service payment - Sanchez, Terry and Cox",REF16338309,0.0,483.69,198157.76
2024-05-15,2024-05-15,Project payment - Contreras-Miller,REF53084494,0.0,691.79,198849.55
2024-05-20,2024-05-20,Equipment purchase,REF58999140,151.36,0.0,198698.19
2024-05-21,2024-05-21,Professional software license,REF12013827,227.57,0.0,198470.62
2024-05-23,2024-05-23,Accounting expense,REF76996636,154.18,0.0,198316.44
2024-05-27,2024-05-27,Business meal,REF25218968,104.72,0.0,198211.72
2024-06-06,2024-06-06,Business meal,REF23522750,219.67,0.0,197992.05
2024-06-11,2024-06-11,Business meal,REF15752041,291.45,0.0,197700.6
2024-06-11,2024-06-11,Business travel,REF48569203,349.97,0.0,197350.63
2024-06-14,2024-06-14,Business meal,REF98277790,125.92,0.0,197224.71
2024-06-15,2024-06-15,Payment from Walker Inc,REF90795829,0.0,591.56,197816.27
2024-06-15,2024-06-15,Project payment - Contreras-Miller,REF86348613,0.0,573.53,198389.8
2024-06-15,2024-06-15,Service payment - Gordon-Snow,REF90529150,0.0,815.24,199205.04
2024-06-15,2024-06-15,Business insurance premium,REF72610128,105.77,0.0,199099.27
2024-06-15,2024-06-15,Project payment - Kennedy-Lewis,REF36031055,0.0,502.16,199601.43
2024-06-15,2024-06-15,"Payment from Bond, Ryan and Austin",REF47481782,0.0,467.36,200068.79
2024-06-15,2024-06-15,"Service payment - Burke, Hernandez and Alexander",REF91027596,0.0,584.63,200653.42
2024-06-15,2024-06-15,"Service payment - Sanchez, Terry and Cox",REF45339729,0.0,377.79,201031.21
2024-06-15,2024-06-15,"Payment from Jones, Anderson and Hancock",REF50896212,0.0,514.11,201545.32
2024-06-21,2024-06-21,Professional software license,REF76083950,167.92,0.0,201377.4
2024-06-24,2024-06-24,Training/conference,REF86856086,123.34,0.0,201254.06
2024-06-26,2024-06-26,Marketing expenses,REF81704081,210.45,0.0,201043.61
2024-06-30,2024-06-30,Training/conference,REF34560568,129.08,0.0,200914.53
2024-07-01,2024-07-01,Equipment purchase,REF99188428,23.22,0.0,200891.31
2024-07-05,2024-07-05,Business travel,REF70474785,351.98,0.0,200539.33
2024-07-07,2024-07-07,Business travel,REF30446321,483.07,0.0,200056.26
2024-07-09,2024-07-09,Coworking space rental,REF40350421,254.3,0.0,199801.96
2024-07-15,2024-07-15,"Project payment - Jones, Anderson and Hancock",REF46982393,0.0,552.97,200354.93
2024-07-15,2024-07-15,"Service payment - Bond, Ryan and Austin",REF29978879,0.0,525.14,200880.07
2024-07-15,2024-07-15,"Service payment - Burke, Hernandez and Alexander",REF35404131,0.0,522.04,201402.11
2024-07-15,2024-07-15,Service payment - Kennedy-Lewis,REF43445870,0.0,607.43,202009.54
2024-07-15,2024-07-15,"Project payment - Sanchez, Terry and Cox",REF54598238,0.0,406.27,202415.81
2024-07-15,2024-07-15,Payment from Contreras-Miller,REF95334990,0.0,535.23,202951.04
2024-07-15,2024-07-15,Business insurance premium,REF66883049,105.07,0.0,202845.97
2024-07-15,2024-07-15,Project payment - Gordon-Snow,REF85156546,0.0,766.24,203612.21
2024-07-15,2024-07-15,Invoice payment - Walker Inc,REF62781613,0.0,570.8,204183.01
2024-07-16,2024-07-16,Accounting expense,REF21463678,157.86,0.0,204025.15
2024-07-21,2024-07-21,Business travel,REF95496208,221.45,0.0,203803.7
2024-07-21,2024-07-21,Professional software license,REF26625699,113.53,0.0,203690.17
2024-07-30,2024-07-30,Coworking space rental,REF27251356,104.72,0.0,203585.45
2024-07-30,2024-07-30,Marketing expenses,REF98793148,105.36,0.0,203480.09
2024-08-01,2024-08-01,Business travel,REF34150062,312.17,0.0,203167.92
2024-08-03,2024-08-03,Business meal,REF93789761,224.16,0.0,202943.76
2024-08-09,2024-08-09,Business meal,REF91501088,193.09,0.0,202750.67
2024-08-10,2024-08-10,Business travel,REF26013262,305.49,0.0,202445.18
2024-08-11,2024-08-11,Business travel,REF34756237,400.48,0.0,202044.7
2024-08-11,2024-08-11,Coworking space rental,REF15702161,158.63,0.0,201886.07
2024-08-12,2024-08-12,Business travel,REF26380797,384.52,0.0,201501.55
2024-08-15,2024-08-15,Payment from Walker Inc,REF78127772,0.0,700.39,202201.94
2024-08-15,2024-08-15,Project payment - Gordon-Snow,REF46259500,0.0,798.3,203000.24
2024-08-15,2024-08-15,Business insurance premium,REF25022908,114.57,0.0,202885.67
2024-08-15,2024-08-15,Service payment - Kennedy-Lewis,REF73559485,0.0,723.76,203609.43
2024-08-15,2024-08-15,"Invoice payment - Burke, Hernandez and Alexander",REF14240688,0.0,640.97,204250.4
2024-08-15,2024-08-15,"Invoice payment - Sanchez, Terry and Cox",REF87808231,0.0,348.54,204598.94
2024-08-15,2024-08-15,"Project payment - Bond, Ryan and Austin",REF30289622,0.0,523.27,205122.21
2024-08-15,2024-08-15,Business meal,REF19032343,158.21,0.0,204964.0
2019-08-21,2019-08-21,Professional software license,REF12492410,143.38,0.0,5293.89
2019-08-21,2019-08-21,Training/conference,REF67011825,82.99,0.0,5210.9
2019-08-23,2019-08-23,Equipment purchase,REF79218051,95.07,0.0,5115.83
2019-09-01,2019-09-01,Coworking space rental,REF18644556,262.74,0.0,4853.09
2019-09-05,2019-09-05,Coworking space rental,REF46688082,269.52,0.0,4583.57
2019-09-11,2019-09-11,Training/conference,REF44454415,238.39,0.0,4345.18
2019-09-15,2019-09-15,Payment from King Group,REF69900688,0.0,407.68,4752.86
2019-09-15,2019-09-15,Payment from Crawford and Sons,REF62307199,0.0,977.56,5730.42
2019-09-15,2019-09-15,Service payment - Cline-Tucker,REF22446847,0.0,750.51,6480.93
2019-09-15,2019-09-15,Invoice payment - Young and Sons,REF11062880,0.0,849.31,7330.24
2019-09-15,2019-09-15,Service payment - Jimenez-Cooper,REF12593739,0.0,639.18,7969.42
2019-09-15,2019-09-15,"Payment from Hall, Valencia and Huynh",REF47168489,0.0,1386.19,9355.61
2019-09-15,2019-09-15,"Service payment - Jacobs, Bender and Rogers",REF29252538,0.0,615.87,9971.48
2019-09-15,2019-09-15,Business insurance premium,REF53670031,161.36,0.0,9810.12
2019-09-18,2019-09-18,Equipment purchase,REF70169189,115.97,0.0,9694.15
2019-09-21,2019-09-21,Professional software license,REF93546189,226.89,0.0,9467.26
2019-09-22,2019-09-22,Accounting expense,REF15833095,225.67,0.0,9241.59
2019-09-27,2019-09-27,Equipment purchase,REF11372439,112.17,0.0,9129.42
2019-10-02,2019-10-02,Business meal,REF94718551,214.87,0.0,8914.55
2019-10-07,2019-10-07,Marketing expenses,REF45587205,319.62,0.0,8594.93
2019-10-08,2019-10-08,Training/conference,REF43389402,206.71,0.0,8388.22
2019-10-11,2019-10-11,Coworking space rental,REF10708768,365.2,0.0,8023.02
2019-10-13,2019-10-13,Coworking space rental,REF51404876,380.57,0.0,7642.45
2019-10-14,2019-10-14,Business travel,REF27312157,689.47,0.0,6952.98
2019-10-15,2019-10-15,Business insurance premium,REF63094293,161.38,0.0,6791.6
2019-10-15,2019-10-15,Service payment - Morales LLC,REF88189212,0.0,1016.78,7808.38
2019-10-15,2019-10-15,Service payment - Young and Sons,REF10495864,0.0,754.86,8563.24
2019-10-15,2019-10-15,"Invoice payment - Jacobs, Bender and Rogers",REF35682333,0.0,684.96,9248.2
2019-10-15,2019-10-15,Invoice payment - Crawford and Sons,REF96668803,0.0,1109.37,10357.57
2019-10-15,2019-10-15,Service payment - Cline-Tucker,REF64950235,0.0,648.29,11005.86
2019-10-15,2019-10-15,Project payment - King Group,REF58786327,0.0,857.84,11863.7
2019-10-21,2019-10-21,Professional software license,REF24561464,231.5,0.0,11632.2
2019-10-22,2019-10-22,Coworking space rental,REF35653208,134.29,0.0,11497.91
2019-11-02,2019-11-02,Equipment purchase,REF46035302,192.57,0.0,11305.34
2019-11-03,2019-11-03,Business meal,REF13009654,303.96,0.0,11001.38
2019-11-08,2019-11-08,Marketing expenses,REF66558984,383.43,0.0,10617.95
2019-11-10,2019-11-10,Business travel,REF76255729,331.0,0.0,10286.95
2019-11-11,2019-11-11,Business meal,REF21426900,208.46,0.0,10078.49
2019-11-15,2019-11-15,Payment from Cline-Tucker,REF52602329,0.0,721.73,10800.22
2019-11-15,2019-11-15,Business insurance premium,REF63389937,151.83,0.0,10648.39
2019-11-15,2019-11-15,Project payment - Morales LLC,REF36698021,0.0,973.72,11622.11
2019-11-15,2019-11-15,"Invoice payment - Jacobs, Bender and Rogers",REF15027845,0.0,655.38,12277.49
2019-11-15,2019-11-15,Invoice payment - King Group,REF61902194,0.0,781.51,13059.0
2019-11-15,2019-11-15,Project payment - Jimenez-Cooper,REF55758829,0.0,626.75,13685.75
2019-11-15,2019-11-15,Payment from Young and Sons,REF16003102,0.0,669.09,14354.84
2019-11-15,2019-11-15,"Service payment - Hall, Valencia and Huynh",REF82835550,0.0,1318.88,15673.72
2019-11-18,2019-11-18,Business meal,REF38454039,225.46,0.0,15448.26
2019-11-21,2019-11-21,Professional software license,REF43435029,231.88,0.0,15216.38
2019-11-30,2019-11-30,Business travel,REF86308933,427.56,0.0,14788.82
2019-12-05,2019-12-05,Business travel,REF64169088,173.79,0.0,14615.03
2019-12-07,2019-12-07,Accounting expense,REF19155937,223.31,0.0,14391.72
2019-12-15,2019-12-15,Business insurance premium,REF65373786,122.85,0.0,14268.87
2019-12-15,2019-12-15,"Project payment - Jacobs, Bender and Rogers",REF58054649,0.0,507.95,14776.82
2019-12-15,2019-12-15,Payment from Cline-Tucker,REF31562848,0.0,512.25,15289.07
2019-12-15,2019-12-15,Project payment - Crawford and Sons,REF67039865,0.0,659.83,15948.9
2019-12-15,2019-12-15,Project payment - Jimenez-Cooper,REF84014833,0.0,390.89,16339.79
2019-12-15,2019-12-15,"Project payment - Hall, Valencia and Huynh",REF22764315,0.0,797.69,17137.48
2019-12-15,2019-12-15,Project payment - King Group,REF51875539,0.0,648.15,17785.63
2019-12-15,2019-12-15,Payment from Morales LLC,REF88787288,0.0,560.55,18346.18
2019-12-15,2019-12-15,Service payment - Young and Sons,REF76393549,0.0,553.28,18899.46
2019-12-16,2019-12-16,Marketing expenses,REF23055307,156.53,0.0,18742.93
2019-12-21,2019-12-21,Equipment purchase,REF62880683,178.81,0.0,18564.12
2019-12-21,2019-12-21,Professional software license,REF83545880,193.23,0.0,18370.89
2019-12-26,2019-12-26,Business travel,REF52708638,282.11,0.0,18088.78
2020-01-03,2020-01-03,Business meal,REF39754110,198.26,0.0,17890.52
2020-01-06,2020-01-06,Marketing expenses,REF21548204,397.29,0.0,17493.23
2020-01-07,2020-01-07,Coworking space rental,REF85828662,292.23,0.0,17201.0
2020-01-11,2020-01-11,Training/conference,REF25354613,269.45,0.0,16931.55
2020-01-13,2020-01-13,Equipment purchase,REF97373938,219.46,0.0,16712.09
2020-01-13,2020-01-13,Business meal,REF26076710,381.25,0.0,16330.84
2020-01-15,2020-01-15,Payment from King Group,REF43596533,0.0,791.71,17122.55
2020-01-15,2020-01-15,Service payment - Morales LLC,REF75190548,0.0,1128.25,18250.8
2020-01-15,2020-01-15,"Service payment - Jacobs, Bender and Rogers",REF33104933,0.0,572.8,18823.6
2020-01-15,2020-01-15,Invoice payment - Young and Sons,REF83378772,0.0,740.94,19564.54
2020-01-15,2020-01-15,Business insurance premium,REF60338173,177.2,0.0,19387.34
2020-01-15,2020-01-15,Payment from Cline-Tucker,REF37669018,0.0,559.66,19947.0
2020-01-15,2020-01-15,Service payment - Crawford and Sons,REF73252607,0.0,1108.39,21055.39
2020-01-15,2020-01-15,Service payment - Jimenez-Cooper,REF73935094,0.0,638.35,21693.74
2020-01-15,2020-01-15,"Service payment - Hall, Valencia and Huynh",REF90144768,0.0,1140.55,22834.29
2020-01-16,2020-01-16,Business meal,REF54875711,179.58,0.0,22654.71
2020-01-16,2020-01-16,Coworking space rental,REF29072089,254.2,0.0,22400.51
2020-01-17,2020-01-17,Coworking space rental,REF83172251,282.53,0.0,22117.98
2020-01-20,2020-01-20,Coworking space rental,REF76202404,454.86,0.0,21663.12
2020-01-21,2020-01-21,Professional software license,REF78328110,291.78,0.0,21371.34
2020-01-22,2020-01-22,Business travel,REF29789246,350.87,0.0,21020.47
2020-01-23,2020-01-23,Equipment purchase,REF49042712,198.1,0.0,20822.37
2020-01-24,2020-01-24,Equipment purchase,REF81006886,160.8,0.0,20661.57
2020-01-26,2020-01-26,Training/conference,REF70461255,261.0,0.0,20400.57
2020-01-29,2020-01-29,Training/conference,REF37103283,242.85,0.0,20157.72
2020-02-01,2020-02-01,Coworking space rental,REF17854794,202.27,0.0,19955.45
2020-02-04,2020-02-04,Business travel,REF94348044,364.4,0.0,19591.05
2020-02-15,2020-02-15,Invoice payment - Jimenez-Cooper,REF19380287,0.0,564.27,20155.32
2020-02-15,2020-02-15,Payment from Cline-Tucker,REF18462350,0.0,599.11,20754.43
2020-02-15,2020-02-15,Business insurance premium,REF48378461,147.59,0.0,20606.84
2020-02-15,2020-02-15,Project payment - Young and Sons,REF82395836,0.0,633.4,21240.24
2020-02-15,2020-02-15,Service payment - Morales LLC,REF67421609,0.0,965.42,22205.66
2020-02-15,2020-02-15,"Payment from Jacobs, Bender and Rogers",REF65241166,0.0,474.08,22679.74
2020-02-15,2020-02-15,Service payment - King Group,REF23716723,0.0,801.9,23481.64
2020-02-15,2020-02-15,Service payment - Crawford and Sons,REF14774403,0.0,984.26,24465.9
2020-02-16,2020-02-16,Equipment purchase,REF13535827,140.16,0.0,24325.74
2020-02-18,2020-02-18,Business travel,REF38474167,253.72,0.0,24072.02
2020-02-21,2020-02-21,Professional software license,REF20355195,211.02,0.0,23861.0
2020-02-23,2020-02-23,Business travel,REF91981127,450.97,0.0,23410.03
2020-03-02,2020-03-02,Coworking space rental,REF72324535,43.45,0.0,23366.58
2020-03-08,2020-03-08,Business travel,REF12347571,394.43,0.0,22972.15
2020-03-10,2020-03-10,Equipment purchase,REF54551430,89.34,0.0,22882.81
2020-03-13,2020-03-13,Business travel,REF75114793,421.23,0.0,22461.58
2020-03-15,2020-03-15,Payment from Crawford and Sons,REF67606670,0.0,1044.66,23506.24
2020-03-15,2020-03-15,Project payment - Cline-Tucker,REF96279087,0.0,946.59,24452.83
2020-03-15,2020-03-15,"Invoice payment - Jacobs, Bender and Rogers",REF25787960,0.0,670.66,25123.49
2020-03-15,2020-03-15,Project payment - King Group,REF62991178,0.0,560.99,25684.48
2020-03-15,2020-03-15,Service payment - Morales LLC,REF57991359,0.0,848.21,26532.69
2020-03-15,2020-03-15,"Payment from Hall, Valencia and Huynh",REF71292633,0.0,1213.37,27746.06
2020-03-15,2020-03-15,Project payment - Young and Sons,REF59942453,0.0,554.8,28300.86
2020-03-15,2020-03-15,Business insurance premium,REF87752095,135.8,0.0,28165.06
2020-03-15,2020-03-15,Service payment - Jimenez-Cooper,REF68007189,0.0,641.1,28806.16
2020-03-21,2020-03-21,Professional software license,REF87876284,180.79,0.0,28625.37
2020-03-28,2020-03-28,Accounting expense,REF64707200,123.94,0.0,28501.43
2020-04-01,2020-04-01,Business travel,REF15347706,402.19,0.0,28099.24
2020-04-01,2020-04-01,Coworking space rental,REF43310859,219.73,0.0,27879.51
2020-04-03,2020-04-03,Business meal,REF94870641,377.23,0.0,27502.28
2020-04-03,2020-04-03,Equipment purchase,REF48215048,66.85,0.0,27435.43
2020-04-06,2020-04-06,Business meal,REF98742987,282.3,0.0,27153.13
2020-04-08,2020-04-08,Training/conference,REF85067169,230.39,0.0,26922.74
2020-04-09,2020-04-09,Business meal,REF26879224,170.31,0.0,26752.43
2020-04-11,2020-04-11,Business meal,REF41138215,226.35,0.0,26526.08
2020-04-15,2020-04-15,Business insurance premium,REF66947451,147.42,0.0,26378.66
2020-04-15,2020-04-15,Project payment - Young and Sons,REF82989763,0.0,513.16,26891.82
2020-04-15,2020-04-15,"Project payment - Hall, Valencia and Huynh",REF74558387,0.0,849.65,27741.47
2020-04-15,2020-04-15,"Payment from Jacobs, Bender and Rogers",REF29711624,0.0,529.16,28270.63
2020-04-15,2020-04-15,Project payment - Jimenez-Cooper,REF67599938,0.0,514.87,28785.5
2020-04-15,2020-04-15,Project payment - Morales LLC,REF59254711,0.0,444.94,29230.44
2020-04-15,2020-04-15,Project payment - Cline-Tucker,REF38322139,0.0,695.41,29925.85
2020-04-15,2020-04-15,Service payment - King Group,REF93541481,0.0,684.4,30610.25
2020-04-15,2020-04-15,Invoice payment - Crawford and Sons,REF92038902,0.0,839.57,31449.82
2020-04-19,2020-04-19,Marketing expenses,REF42566473,286.79,0.0,31163.03
2020-04-21,2020-04-21,Professional software license,REF46349472,208.39,0.0,30954.64
2020-04-22,2020-04-22,Coworking space rental,REF81505658,226.81,0.0,30727.83
2020-04-25,2020-04-25,Equipment purchase,REF93357148,134.85,0.0,30592.98
2020-04-29,2020-04-29,Business travel,REF96413881,329.89,0.0,30263.09
2020-05-02,2020-05-02,Business travel,REF84931374,454.73,0.0,29808.36
2020-05-05,2020-05-05,Business travel,REF44561996,495.58,0.0,29312.78
2020-05-06,2020-05-06,Accounting expense,REF68764378,84.62,0.0,29228.16
2020-05-07,2020-05-07,Business travel,REF20907040,382.72,0.0,28845.44
2020-05-15,2020-05-15,Invoice payment - Cline-Tucker,REF36703526,0.0,488.32,29333.76
2020-05-15,2020-05-15,Project payment - Morales LLC,REF83524574,0.0,701.95,30035.71
2020-05-15,2020-05-15,Payment from King Group,REF30683961,0.0,699.95,30735.66
2020-05-15,2020-05-15,Project payment - Crawford and Sons,REF48951118,0.0,885.35,31621.01
2020-05-15,2020-05-15,Project payment - Young and Sons,REF80227236,0.0,466.92,32087.93
2020-05-15,2020-05-15,Payment from Jimenez-Cooper,REF41185899,0.0,594.58,32682.51
2020-05-15,2020-05-15,"Payment from Jacobs, Bender and Rogers",REF97378095,0.0,589.82,33272.33
2020-05-15,2020-05-15,Business insurance premium,REF41363414,123.98,0.0,33148.35
2020-05-18,2020-05-18,Training/conference,REF13528700,237.91,0.0,32910.44
2020-05-19,2020-05-19,Training/conference,REF49609270,125.18,0.0,32785.26
2020-05-21,2020-05-21,Professional software license,REF31522462,202.14,0.0,32583.12
2020-05-21,2020-05-21,Business travel,REF45233687,138.89,0.0,32444.23
2020-05-28,2020-05-28,Equipment purchase,REF88824106,203.61,0.0,32240.62
2020-06-05,2020-06-05,Training/conference,REF23980464,279.75,0.0,31960.87
2020-06-07,2020-06-07,Business travel,REF25541796,302.4,0.0,31658.47
2020-06-10,2020-06-10,Coworking space rental,REF85332525,282.21,0.0,31376.26
2020-06-15,2020-06-15,"Project payment - Jacobs, Bender and Rogers",REF74028270,0.0,383.9,31760.16
2020-06-15,2020-06-15,Invoice payment - Cline-Tucker,REF15208482,0.0,471.34,32231.5
2020-06-15,2020-06-15,Payment from Morales LLC,REF68420684,0.0,482.87,32714.37
2020-06-15,2020-06-15,Project payment - Young and Sons,REF50895824,0.0,535.43,33249.8
2020-06-15,2020-06-15,"Invoice payment - Hall, Valencia and Huynh",REF68676450,0.0,867.48,34117.28
2020-06-15,2020-06-15,Service payment - Crawford and Sons,REF81094126,0.0,777.41,34894.69
2020-06-15,2020-06-15,Payment from King Group,REF35716967,0.0,653.43,35548.12
2020-06-15,2020-06-15,Business insurance premium,REF55904286,105.98,0.0,35442.14
2020-06-17,2020-06-17,Business meal,REF43023978,121.28,0.0,35320.86
2020-06-20,2020-06-20,Business meal,REF24274995,279.07,0.0,35041.79
2020-06-21,2020-06-21,Professional software license,REF81442375,150.02,0.0,34891.77
2020-06-22,2020-06-22,Business meal,REF22469595,144.62,0.0,34747.15
2020-06-26,2020-06-26,Marketing expenses,REF44220197,173.03,0.0,34574.12
2020-06-28,2020-06-28,Business meal,REF36412606,162.0,0.0,34412.12
2020-07-03,2020-07-03,Business meal,REF32761113,145.34,0.0,34266.78
2020-07-04,2020-07-04,Business travel,REF73896859,352.58,0.0,33914.2
2020-07-09,2020-07-09,Business travel,REF83602177,188.62,0.0,33725.58
2020-07-11,2020-07-11,Business meal,REF29066240,129.33,0.0,33596.25
2020-07-13,2020-07-13,Marketing expenses,REF43059800,263.47,0.0,33332.78
2020-07-15,2020-07-15,Service payment - Crawford and Sons,REF21697489,0.0,594.46,33927.24
2020-07-15,2020-07-15,Business insurance premium,REF75147202,99.86,0.0,33827.38
2020-07-15,2020-07-15,"Invoice payment - Jacobs, Bender and Rogers",REF16066384,0.0,378.69,34206.07
2020-07-15,2020-07-15,Invoice payment - Morales LLC,REF85052647,0.0,576.31,34782.38
2020-07-15,2020-07-15,Payment from Jimenez-Cooper,REF78391503,0.0,364.11,35146.49
2020-07-15,2020-07-15,Invoice payment - Cline-Tucker,REF19271563,0.0,383.36,35529.85
2020-07-15,2020-07-15,"Project payment - Hall, Valencia and Huynh",REF17823448,0.0,668.3,36198.15
2020-07-15,2020-07-15,Payment from King Group,REF78983279,0.0,557.94,36756.09
2020-07-15,2020-07-15,Project payment - Young and Sons,REF51562748,0.0,294.41,37050.5
2020-07-18,2020-07-18,Accounting expense,REF99241912,107.12,0.0,36943.38
2020-07-21,2020-07-21,Professional software license,REF86542396,128.8,0.0,36814.58
2020-07-30,2020-07-30,Business meal,REF62717070,100.24,0.0,36714.34
2020-08-03,2020-08-03,Business travel,REF14864653,331.1,0.0,36383.24
2020-08-07,2020-08-07,Equipment purchase,REF51665277,62.17,0.0,36321.07
2020-08-14,2020-08-14,Business travel,REF52527370,362.99,0.0,35958.08
2020-08-15,2020-08-15,Payment from Young and Sons,REF84685539,0.0,482.09,36440.17
2020-08-15,2020-08-15,Service payment - Crawford and Sons,REF63698612,0.0,857.94,37298.11
2020-08-15,2020-08-15,Payment from Jimenez-Cooper,REF30512761,0.0,314.01,37612.12
2020-08-15,2020-08-15,"Service payment - Jacobs, Bender and Rogers",REF29468757,0.0,392.01,38004.13
2020-08-15,2020-08-15,Project payment - Cline-Tucker,REF92065674,0.0,591.36,38595.49
2020-08-15,2020-08-15,Business insurance premium,REF77778291,114.12,0.0,38481.37
2020-08-15,2020-08-15,"Service payment - Hall, Valencia and Huynh",REF91999147,0.0,861.84,39343.21
2020-08-15,2020-08-15,Project payment - Morales LLC,REF83048971,0.0,630.73,39973.94
2020-08-18,2020-08-18,Coworking space rental,REF52660696,229.72,0.0,39744.22
2020-08-20,2020-08-20,Equipment purchase,REF78719767,170.36,0.0,39573.86
2020-08-21,2020-08-21,Accounting expense,REF89824554,154.93,0.0,39418.93
2020-08-21,2020-08-21,Professional software license,REF37827415,196.95,0.0,39221.98
2020-08-28,2020-08-28,Business meal,REF96284227,160.81,0.0,39061.17
2020-08-30,2020-08-30,Accounting expense,REF20830443,144.03,0.0,38917.14
2020-09-04,2020-09-04,Business travel,REF63195493,497.11,0.0,38420.03
2020-09-08,2020-09-08,Equipment purchase,REF83865869,162.57,0.0,38257.46
2020-09-11,2020-09-11,Accounting expense,REF53711136,58.39,0.0,38199.07
2020-09-13,2020-09-13,Accounting expense,REF70363415,76.93,0.0,38122.14
2020-09-15,2020-09-15,Business insurance premium,REF37878243,139.53,0.0,37982.61
2020-09-15,2020-09-15,Service payment - Morales LLC,REF89051045,0.0,723.28,38705.89
2020-09-15,2020-09-15,Service payment - Crawford and Sons,REF72823434,0.0,1079.78,39785.67
2020-09-15,2020-09-15,"Service payment - Jacobs, Bender and Rogers",REF22890479,0.0,588.28,40373.95
2020-09-15,2020-09-15,Service payment - King Group,REF11788576,0.0,792.23,41166.18
2020-09-15,2020-09-15,Payment from Jimenez-Cooper,REF90458927,0.0,566.8,41732.98
2020-09-15,2020-09-15,Service payment - Cline-Tucker,REF49368383,0.0,536.99,42269.97
2020-09-15,2020-09-15,"Project payment - Hall, Valencia and Huynh",REF80434818,0.0,1346.18,43616.15
2020-09-19,2020-09-19,Business meal,REF73880402,315.55,0.0,43300.6
2020-09-21,2020-09-21,Professional software license,REF89401969,216.08,0.0,43084.52
2020-09-22,2020-09-22,Marketing expenses,REF39138219,289.19,0.0,42795.33
2020-09-23,2020-09-23,Training/conference,REF53419101,168.73,0.0,42626.6
2020-09-30,2020-09-30,Marketing expenses,REF13167604,303.3,0.0,42323.3
2020-10-01,2020-10-01,Accounting expense,REF22980164,163.31,0.0,42159.99
2020-10-02,2020-10-02,Business meal,REF39241973,169.25,0.0,41990.74
2020-10-05,2020-10-05,Equipment purchase,REF46954441,160.82,0.0,41829.92
2020-10-06,2020-10-06,Coworking space rental,REF79029678,424.74,0.0,41405.18
2020-10-07,2020-10-07,Business meal,REF32188786,432.94,0.0,40972.24
2020-10-12,2020-10-12,Accounting expense,REF33422863,228.22,0.0,40744.02
2020-10-13,2020-10-13,Equipment purchase,REF45998873,237.8,0.0,40506.22
2020-10-14,2020-10-14,Training/conference,REF13389224,197.23,0.0,40308.99
2020-10-15,2020-10-15,Invoice payment - Jimenez-Cooper,REF28944235,0.0,575.87,40884.86
2020-10-15,2020-10-15,Invoice payment - Crawford and Sons,REF23200695,0.0,1049.08,41933.94
2020-10-15,2020-10-15,Invoice payment - Cline-Tucker,REF11856565,0.0,554.13,42488.07
2020-10-15,2020-10-15,Payment from Young and Sons,REF40053320,0.0,654.88,43142.95
2020-10-15,2020-10-15,Payment from King Group,REF35939337,0.0,657.35,43800.3
2020-10-15,2020-10-15,"Project payment - Jacobs, Bender and Rogers",REF61529012,0.0,649.03,44449.33
2020-10-15,2020-10-15,Business insurance premium,REF67673832,170.2,0.0,44279.13
2020-10-17,2020-10-17,Training/conference,REF27713055,353.0,0.0,43926.13
2020-10-21,2020-10-21,Professional software license,REF27471639,221.67,0.0,43704.46
2020-10-31,2020-10-31,Business travel,REF83538098,565.25,0.0,43139.21
2020-11-06,2020-11-06,Training/conference,REF89390211,233.83,0.0,42905.38
2020-11-08,2020-11-08,Business meal,REF65428843,166.71,0.0,42738.67
2020-11-11,2020-11-11,Business travel,REF82801954,474.73,0.0,42263.94
2020-11-13,2020-11-13,Marketing expenses,REF80522333,264.73,0.0,41999.21
2020-11-14,2020-11-14,Coworking space rental,REF86765896,413.19,0.0,41586.02
2020-11-14,2020-11-14,Business travel,REF71179078,312.29,0.0,41273.73
2020-11-15,2020-11-15,Invoice payment - Cline-Tucker,REF28752659,0.0,608.1,41881.83
2020-11-15,2020-11-15,Invoice payment - Young and Sons,REF44979559,0.0,739.51,42621.34
2020-11-15,2020-11-15,"Payment from Hall, Valencia and Huynh",REF61061926,0.0,1334.24,43955.58
2020-11-15,2020-11-15,Service payment - King Group,REF98399221,0.0,891.8,44847.38
2020-11-15,2020-11-15,Payment from Crawford and Sons,REF65287618,0.0,924.53,45771.91
2020-11-15,2020-11-15,"Payment from Jacobs, Bender and Rogers",REF80877981,0.0,644.39,46416.3
2020-11-15,2020-11-15,Invoice payment - Jimenez-Cooper,REF66204379,0.0,529.25,46945.55
2020-11-15,2020-11-15,Payment from Morales LLC,REF16144061,0.0,888.04,47833.59
2020-11-15,2020-11-15,Business insurance premium,REF82135653,152.95,0.0,47680.64
2020-11-16,2020-11-16,Business meal,REF36003717,155.61,0.0,47525.03
2020-11-18,2020-11-18,Business meal,REF93799602,122.62,0.0,47402.41
2020-11-21,2020-11-21,Professional software license,REF19556316,188.3,0.0,47214.11
2020-11-23,2020-11-23,Coworking space rental,REF17952467,415.41,0.0,46798.7
2020-11-25,2020-11-25,Business travel,REF61890549,529.16,0.0,46269.54
2020-11-27,2020-11-27,Coworking space rental,REF40673462,356.24,0.0,45913.3
2020-12-02,2020-12-02,Business travel,REF33382926,309.5,0.0,45603.8
2020-12-03,2020-12-03,Marketing expenses,REF35718825,420.98,0.0,45182.82
2020-12-06,2020-12-06,Business travel,REF83635774,301.34,0.0,44881.48
2020-12-15,2020-12-15,Business insurance premium,REF69081238,122.29,0.0,44759.19
2020-12-15,2020-12-15,Service payment - Cline-Tucker,REF93430650,0.0,540.81,45300.0
2020-12-15,2020-12-15,Invoice payment - King Group,REF82590241,0.0,549.27,45849.27
2020-12-15,2020-12-15,Invoice payment - Crawford and Sons,REF90669171,0.0,994.44,46843.71
2020-12-15,2020-12-15,Service payment - Young and Sons,REF82340226,0.0,442.27,47285.98
2020-12-15,2020-12-15,"Invoice payment - Hall, Valencia and Huynh",REF92847281,0.0,1149.05,48435.03
2020-12-15,2020-12-15,Project payment - Morales LLC,REF88820561,0.0,584.23,49019.26
2020-12-15,2020-12-15,Invoice payment - Jimenez-Cooper,REF49642857,0.0,401.49,49420.75
2020-12-15,2020-12-15,"Invoice payment - Jacobs, Bender and Rogers",REF32545085,0.0,498.94,49919.69
2020-12-17,2020-12-17,Equipment purchase,REF69494967,111.62,0.0,49808.07
2020-12-21,2020-12-21,Professional software license,REF21967570,187.71,0.0,49620.36
2020-12-25,2020-12-25,Equipment purchase,REF66781789,91.66,0.0,49528.7
2020-12-28,2020-12-28,Business meal,REF72498824,137.16,0.0,49391.54
2020-12-28,2020-12-28,Equipment purchase,REF73318747,147.7,0.0,49243.84
2020-12-30,2020-12-30,Coworking space rental,REF35218924,146.62,0.0,49097.22
2021-01-03,2021-01-03,Equipment purchase,REF58147064,188.3,0.0,48908.92
2021-01-04,2021-01-04,Marketing expenses,REF47899290,365.36,0.0,48543.56
2021-01-05,2021-01-05,Business travel,REF55996967,546.06,0.0,47997.5
2021-01-06,2021-01-06,Marketing expenses,REF75355513,395.97,0.0,47601.53
2021-01-08,2021-01-08,Business travel,REF82969195,243.87,0.0,47357.66
2021-01-09,2021-01-09,Training/conference,REF58218780,401.41,0.0,46956.25
2021-01-13,2021-01-13,Coworking space rental,REF49676064,280.37,0.0,46675.88
2021-01-15,2021-01-15,Payment from Crawford and Sons,REF62652069,0.0,995.82,47671.7
2021-01-15,2021-01-15,"Invoice payment - Jacobs, Bender and Rogers",REF64630125,0.0,774.37,48446.07
2021-01-15,2021-01-15,Invoice payment - Young and Sons,REF25548056,0.0,695.17,49141.24
2021-01-15,2021-01-15,Invoice payment - Morales LLC,REF66193412,0.0,564.65,49705.89
2021-01-15,2021-01-15,Payment from King Group,REF32343805,0.0,836.3,50542.19
2021-01-15,2021-01-15,Business insurance premium,REF44564928,171.59,0.0,50370.6
2021-01-15,2021-01-15,"Payment from Hall, Valencia and Huynh",REF51333905,0.0,1655.43,52026.03
2021-01-16,2021-01-16,Business travel,REF18094901,858.26,0.0,51167.77
2021-01-17,2021-01-17,Training/conference,REF15750040,218.96,0.0,50948.81
2021-01-20,2021-01-20,Business meal,REF61409675,359.55,0.0,50589.26
2021-01-21,2021-01-21,Professional software license,REF58960822,234.11,0.0,50355.15
2021-01-31,2021-01-31,Coworking space rental,REF22169759,395.54,0.0,49959.61
2021-01-31,2021-01-31,Business meal,REF92278791,447.88,0.0,49511.73
2021-02-01,2021-02-01,Marketing expenses,REF12083582,339.17,0.0,49172.56
2021-02-04,2021-02-04,Business travel,REF43627483,453.08,0.0,48719.48
2021-02-06,2021-02-06,Training/conference,REF26257529,249.46,0.0,48470.02
2021-02-14,2021-02-14,Accounting expense,REF70401115,262.82,0.0,48207.2
2021-02-15,2021-02-15,Project payment - Morales LLC,REF97144336,0.0,918.1,49125.3
2021-02-15,2021-02-15,"Project payment - Hall, Valencia and Huynh",REF47676306,0.0,1545.63,50670.93
2021-02-15,2021-02-15,Business insurance premium,REF82879666,157.51,0.0,50513.42
2021-02-15,2021-02-15,Service payment - Jimenez-Cooper,REF21411906,0.0,608.29,51121.71
2021-02-15,2021-02-15,Project payment - Young and Sons,REF67097363,0.0,656.94,51778.65
2021-02-15,2021-02-15,Invoice payment - Crawford and Sons,REF53891505,0.0,868.62,52647.27
2021-02-15,2021-02-15,Payment from Cline-Tucker,REF15725139,0.0,619.59,53266.86
2021-02-15,2021-02-15,Invoice payment - King Group,REF77620688,0.0,558.89,53825.75
2021-02-17,2021-02-17,Training/conference,REF64652181,253.36,0.0,53572.39
2021-02-20,2021-02-20,Business travel,REF25765322,477.95,0.0,53094.44
2021-02-21,2021-02-21,Professional software license,REF54978550,207.72,0.0,52886.72
2021-02-24,2021-02-24,Marketing expenses,REF31560367,236.43,0.0,52650.29
2021-02-25,2021-02-25,Marketing expenses,REF49356482,369.75,0.0,52280.54
2021-02-26,2021-02-26,Business travel,REF80120798,166.42,0.0,52114.12
2021-03-05,2021-03-05,Marketing expenses,REF82279974,267.61,0.0,51846.51
2021-03-07,2021-03-07,Coworking space rental,REF83453854,345.59,0.0,51500.92
2021-03-10,2021-03-10,Business meal,REF66085388,252.34,0.0,51248.58
2021-03-12,2021-03-12,Coworking space rental,REF58016191,264.94,0.0,50983.64
2021-03-14,2021-03-14,Coworking space rental,REF39277789,275.86,0.0,50707.78
2021-03-15,2021-03-15,Business insurance premium,REF89362047,131.08,0.0,50576.7
2021-03-15,2021-03-15,Project payment - Morales LLC,REF89917251,0.0,823.21,51399.91
2021-03-15,2021-03-15,Service payment - Crawford and Sons,REF48526519,0.0,1015.12,52415.03
2021-03-15,2021-03-15,Service payment - Young and Sons,REF22376034,0.0,620.84,53035.87
2021-03-15,2021-03-15,Service payment - King Group,REF87110213,0.0,553.18,53589.05
2021-03-15,2021-03-15,"Project payment - Hall, Valencia and Huynh",REF98120184,0.0,1133.73,54722.78
2021-03-15,2021-03-15,"Invoice payment - Jacobs, Bender and Rogers",REF28787020,0.0,622.19,55344.97
2021-03-15,2021-03-15,Payment from Cline-Tucker,REF15719509,0.0,726.64,56071.61
2021-03-15,2021-03-15,Invoice payment - Jimenez-Cooper,REF94037204,0.0,675.1,56746.71
2021-03-19,2021-03-19,Accounting expense,REF85823336,223.9,0.0,56522.81
2021-03-20,2021-03-20,Business meal,REF98675170,141.86,0.0,56380.95
2021-03-21,2021-03-21,Professional software license,REF81776722,197.03,0.0,56183.92
2021-03-23,2021-03-23,Business travel,REF41995224,249.74,0.0,55934.18
2021-03-30,2021-03-30,Coworking space rental,REF28696030,213.11,0.0,55721.07
2021-04-05,2021-04-05,Business meal,REF99627217,254.0,0.0,55467.07
2021-04-11,2021-04-11,Business travel,REF70285690,321.39,0.0,55145.68
2021-04-15,2021-04-15,Business insurance premium,REF74166477,145.08,0.0,55000.6
2021-04-15,2021-04-15,Service payment - Cline-Tucker,REF63205531,0.0,534.84,55535.44
2021-04-15,2021-04-15,"Project payment - Hall, Valencia and Huynh",REF70790819,0.0,736.62,56272.06
2021-04-15,2021-04-15,Payment from Morales LLC,REF63230564,0.0,733.27,57005.33
2021-04-15,2021-04-15,Payment from Jimenez-Cooper,REF21435502,0.0,786.61,57791.94
2021-04-15,2021-04-15,Project payment - Young and Sons,REF72427201,0.0,506.3,58298.24
2021-04-15,2021-04-15,Service payment - King Group,REF85654543,0.0,740.07,59038.31
2021-04-15,2021-04-15,"Invoice payment - Jacobs, Bender and Rogers",REF58692638,0.0,533.3,59571.61
2021-04-15,2021-04-15,Invoice payment - Crawford and Sons,REF36354975,0.0,594.58,60166.19
2021-04-21,2021-04-21,Professional software license,REF80225248,232.49,0.0,59933.7
2021-04-25,2021-04-25,Equipment purchase,REF49402431,156.76,0.0,59776.94
2021-04-27,2021-04-27,Business travel,REF97138014,387.21,0.0,59389.73
2021-04-27,2021-04-27,Marketing expenses,REF50257346,225.59,0.0,59164.14
2021-05-06,2021-05-06,Equipment purchase,REF12765367,101.74,0.0,59062.4
2021-05-10,2021-05-10,Business travel,REF77708379,176.74,0.0,58885.66
2021-05-15,2021-05-15,Payment from Young and Sons,REF57380176,0.0,561.1,59446.76
2021-05-15,2021-05-15,"Payment from Jacobs, Bender and Rogers",REF87677839,0.0,342.7,59789.46
2021-05-15,2021-05-15,"Invoice payment - Hall, Valencia and Huynh",REF27884100,0.0,1118.9,60908.36
2021-05-15,2021-05-15,Payment from Morales LLC,REF52164455,0.0,707.41,61615.77
2021-05-15,2021-05-15,Project payment - King Group,REF56765296,0.0,487.23,62103.0
2021-05-15,2021-05-15,Payment from Cline-Tucker,REF36905213,0.0,467.99,62570.99
2021-05-15,2021-05-15,Equipment purchase,REF18907008,151.51,0.0,62419.48
2021-05-15,2021-05-15,Project payment - Jimenez-Cooper,REF38569856,0.0,499.33,62918.81
2021-05-15,2021-05-15,Project payment - Crawford and Sons,REF58880134,0.0,620.72,63539.53
2021-05-15,2021-05-15,Business insurance premium,REF55350412,118.08,0.0,63421.45
2021-05-18,2021-05-18,Training/conference,REF13272743,190.46,0.0,63230.99
2021-05-18,2021-05-18,Business travel,REF84749896,298.79,0.0,62932.2
2021-05-21,2021-05-21,Professional software license,REF64080420,184.87,0.0,62747.33
2021-05-21,2021-05-21,Business meal,REF75215856,341.95,0.0,62405.38
2021-05-22,2021-05-22,Training/conference,REF23085600,201.14,0.0,62204.24
2021-05-24,2021-05-24,Business meal,REF54061013,162.39,0.0,62041.85
2021-05-28,2021-05-28,Accounting expense,REF24924651,177.88,0.0,61863.97
2021-06-06,2021-06-06,Training/conference,REF31035575,84.95,0.0,61779.02
2021-06-08,2021-06-08,Marketing expenses,REF70850681,324.91,0.0,61454.11
2021-06-12,2021-06-12,Business travel,REF46469253,205.99,0.0,61248.12
2021-06-14,2021-06-14,Business travel,REF71193588,335.19,0.0,60912.93
2021-06-15,2021-06-15,Invoice payment - Jimenez-Cooper,REF82962459,0.0,440.88,61353.81
2021-06-15,2021-06-15,"Payment from Jacobs, Bender and Rogers",REF31948059,0.0,533.87,61887.68
2021-06-15,2021-06-15,Project payment - King Group,REF47178989,0.0,552.64,62440.32
2021-06-15,2021-06-15,Invoice payment - Morales LLC,REF33845347,0.0,680.58,63120.9
2021-06-15,2021-06-15,Business insurance premium,REF42127154,113.1,0.0,63007.8
2021-06-15,2021-06-15,Invoice payment - Crawford and Sons,REF10316867,0.0,710.61,63718.41
2021-06-15,2021-06-15,Project payment - Cline-Tucker,REF30559449,0.0,568.57,64286.98
2021-06-15,2021-06-15,"Project payment - Hall, Valencia and Huynh",REF79182278,0.0,874.67,65161.65
2021-06-21,2021-06-21,Professional software license,REF18621182,157.6,0.0,65004.05
2021-06-25,2021-06-25,Equipment purchase,REF80960428,76.76,0.0,64927.29
2021-07-04,2021-07-04,Accounting expense,REF78661863,161.07,0.0,64766.22
2021-07-05,2021-07-05,Business meal,REF99239129,169.21,0.0,64597.01
2021-07-07,2021-07-07,Coworking space rental,REF45792002,161.82,0.0,64435.19
2021-07-08,2021-07-08,Equipment purchase,REF24112469,87.44,0.0,64347.75
2021-07-13,2021-07-13,Business meal,REF40933855,229.35,0.0,64118.4
2021-07-15,2021-07-15,Business insurance premium,REF99748253,94.36,0.0,64024.04
2021-07-15,2021-07-15,Service payment - Crawford and Sons,REF86134180,0.0,407.8,64431.84
2021-07-15,2021-07-15,Service payment - King Group,REF41837525,0.0,342.8,64774.64
2021-07-15,2021-07-15,Project payment - Young and Sons,REF39591744,0.0,392.13,65166.77
2021-07-15,2021-07-15,"Service payment - Jacobs, Bender and Rogers",REF60872355,0.0,291.01,65457.78
2021-07-15,2021-07-15,Service payment - Morales LLC,REF51781135,0.0,429.0,65886.78
2021-07-15,2021-07-15,"Service payment - Hall, Valencia and Huynh",REF17015213,0.0,905.81,66792.59
2021-07-15,2021-07-15,Service payment - Jimenez-Cooper,REF82325917,0.0,384.77,67177.36
2021-07-15,2021-07-15,Payment from Cline-Tucker,REF80825743,0.0,440.17,67617.53
2021-07-17,2021-07-17,Accounting expense,REF31200750,82.48,0.0,67535.05
2021-07-20,2021-07-20,Training/conference,REF88836401,225.35,0.0,67309.7
2021-07-21,2021-07-21,Professional software license,REF98868136,136.38,0.0,67173.32
2021-07-25,2021-07-25,Business meal,REF10937085,249.36,0.0,66923.96
2021-07-25,2021-07-25,Marketing expenses,REF34445147,233.37,0.0,66690.59
2021-08-12,2021-08-12,Marketing expenses,REF43624225,236.37,0.0,66454.22
2021-08-15,2021-08-15,Business insurance premium,REF16242304,108.3,0.0,66345.92
2021-08-15,2021-08-15,"Service payment - Jacobs, Bender and Rogers",REF82921001,0.0,465.65,66811.57
2021-08-15,2021-08-15,"Payment from Hall, Valencia and Huynh",REF87336253,0.0,949.28,67760.85
2021-08-15,2021-08-15,Invoice payment - Young and Sons,REF22937401,0.0,406.08,68166.93
2021-08-15,2021-08-15,Project payment - Crawford and Sons,REF17558770,0.0,674.1,68841.03
2021-08-15,2021-08-15,Service payment - Cline-Tucker,REF89402829,0.0,528.16,69369.19
2021-08-15,2021-08-15,Service payment - Jimenez-Cooper,REF42643699,0.0,566.53,69935.72
2021-08-15,2021-08-15,Invoice payment - Morales LLC,REF63060840,0.0,610.56,70546.28
2021-08-15,2021-08-15,Service payment - King Group,REF29430883,0.0,511.37,71057.65
2021-08-19,2021-08-19,Marketing expenses,REF99752032,302.5,0.0,70755.15
2021-08-19,2021-08-19,Equipment purchase,REF23530804,103.11,0.0,70652.04
2021-08-21,2021-08-21,Professional software license,REF19867940,155.55,0.0,70496.49
2021-08-22,2021-08-22,Business travel,REF82868288,410.84,0.0,70085.65
2021-08-25,2021-08-25,Business travel,REF12722326,451.21,0.0,69634.44
2021-08-27,2021-08-27,Business travel,REF51850278,392.14,0.0,69242.3
2021-09-02,2021-09-02,Business meal,REF58079085,250.95,0.0,68991.35
2021-09-05,2021-09-05,Coworking space rental,REF79589933,289.36,0.0,68701.99
2021-09-07,2021-09-07,Business travel,REF48320067,568.94,0.0,68133.05
2021-09-13,2021-09-13,Marketing expenses,REF76833454,230.83,0.0,67902.22
2021-09-13,2021-09-13,Coworking space rental,REF53649190,459.63,0.0,67442.59
2021-09-15,2021-09-15,"Service payment - Jacobs, Bender and Rogers",REF10230557,0.0,536.79,67979.38
2021-09-15,2021-09-15,Invoice payment - Jimenez-Cooper,REF14388017,0.0,664.9,68644.28
2021-09-15,2021-09-15,Project payment - Young and Sons,REF83136493,0.0,623.16,69267.44
2021-09-15,2021-09-15,Service payment - Cline-Tucker,REF19030200,0.0,769.97,70037.41
2021-09-15,2021-09-15,Business insurance premium,REF25251224,151.25,0.0,69886.16
2021-09-15,2021-09-15,"Service payment - Hall, Valencia and Huynh",REF10846401,0.0,1130.12,71016.28
2021-09-15,2021-09-15,Payment from Morales LLC,REF62918367,0.0,875.33,71891.61
2021-09-15,2021-09-15,Invoice payment - King Group,REF36355685,0.0,714.71,72606.32
2021-09-15,2021-09-15,Invoice payment - Crawford and Sons,REF94662736,0.0,1066.81,73673.13
2021-09-16,2021-09-16,Equipment purchase,REF22627531,83.7,0.0,73589.43
2021-09-21,2021-09-21,Professional software license,REF56056039,224.66,0.0,73364.77
2021-09-22,2021-09-22,Business meal,REF57979353,319.82,0.0,73044.95
2021-09-26,2021-09-26,Business meal,REF49620712,187.3,0.0,72857.65
2021-10-15,2021-10-15,Business insurance premium,REF42276977,169.54,0.0,72688.11
2021-10-15,2021-10-15,Business meal,REF82769453,151.36,0.0,72536.75
2021-10-15,2021-10-15,Invoice payment - Jimenez-Cooper,REF94777477,0.0,781.88,73318.63
2021-10-15,2021-10-15,Invoice payment - Crawford and Sons,REF90464670,0.0,1220.86,74539.49
2021-10-15,2021-10-15,Project payment - Young and Sons,REF40666830,0.0,713.87,75253.36
2021-10-15,2021-10-15,Service payment - Cline-Tucker,REF88593861,0.0,867.12,76120.48
2021-10-15,2021-10-15,Invoice payment - King Group,REF12672487,0.0,790.13,76910.61
2021-10-15,2021-10-15,Service payment - Morales LLC,REF38920667,0.0,982.06,77892.67
2021-10-21,2021-10-21,Professional software license,REF33194850,220.17,0.0,77672.5
2021-10-30,2021-10-30,Accounting expense,REF52950973,310.34,0.0,77362.16
2021-11-05,2021-11-05,Business travel,REF25134432,589.21,0.0,76772.95
2021-11-06,2021-11-06,Accounting expense,REF53566420,233.22,0.0,76539.73
2021-11-14,2021-11-14,Equipment purchase,REF85871201,118.62,0.0,76421.11
2021-11-15,2021-11-15,Payment from Young and Sons,REF98159229,0.0,418.65,76839.76
2021-11-15,2021-11-15,"Invoice payment - Jacobs, Bender and Rogers",REF80757167,0.0,641.31,77481.07
2021-11-15,2021-11-15,"Project payment - Hall, Valencia and Huynh",REF32993242,0.0,1287.99,78769.06
2021-11-15,2021-11-15,Payment from Morales LLC,REF64561402,0.0,646.24,79415.3
2021-11-15,2021-11-15,Payment from Jimenez-Cooper,REF37321682,0.0,708.73,80124.03
2021-11-15,2021-11-15,Business insurance premium,REF99216982,156.75,0.0,79967.28
2021-11-15,2021-11-15,Invoice payment - Crawford and Sons,REF54606999,0.0,848.39,80815.67
2021-11-15,2021-11-15,Invoice payment - King Group,REF72712375,0.0,861.56,81677.23
2021-11-17,2021-11-17,Business travel,REF51813138,429.57,0.0,81247.66
2021-11-21,2021-11-21,Professional software license,REF10041090,223.7,0.0,81023.96
2021-11-29,2021-11-29,Equipment purchase,REF46214178,161.06,0.0,80862.9
2021-12-13,2021-12-13,Training/conference,REF21476954,267.93,0.0,80594.97
2021-12-15,2021-12-15,"Payment from Hall, Valencia and Huynh",REF54185298,0.0,837.05,81432.02
2021-12-15,2021-12-15,Service payment - Morales LLC,REF51102093,0.0,578.56,82010.58
2021-12-15,2021-12-15,Business insurance premium,REF85954263,127.97,0.0,81882.61
2021-12-15,2021-12-15,Payment from Jimenez-Cooper,REF12520354,0.0,479.01,82361.62
2021-12-15,2021-12-15,Payment from Cline-Tucker,REF15513031,0.0,551.31,82912.93
2021-12-15,2021-12-15,"Invoice payment - Jacobs, Bender and Rogers",REF34462667,0.0,355.59,83268.52
2021-12-15,2021-12-15,Payment from Young and Sons,REF90148441,0.0,603.34,83871.86
2021-12-15,2021-12-15,Invoice payment - Crawford and Sons,REF66672858,0.0,847.27,84719.13
2021-12-15,2021-12-15,Project payment - King Group,REF80899435,0.0,607.11,85326.24
2021-12-17,2021-12-17,Coworking space rental,REF77116078,289.77,0.0,85036.47
2021-12-21,2021-12-21,Professional software license,REF15033285,144.45,0.0,84892.02
2021-12-25,2021-12-25,Coworking space rental,REF57289275,196.93,0.0,84695.09
2022-01-02,2022-01-02,Equipment purchase,REF72289811,195.15,0.0,84499.94
2022-01-02,2022-01-02,Business meal,REF94031051,437.3,0.0,84062.64
2022-01-07,2022-01-07,Business travel,REF73136823,456.74,0.0,83605.9
2022-01-07,2022-01-07,Marketing expenses,REF98638436,289.41,0.0,83316.49
2022-01-12,2022-01-12,Marketing expenses,REF30375474,541.67,0.0,82774.82
2022-01-15,2022-01-15,Payment from Jimenez-Cooper,REF18581987,0.0,718.64,83493.46
2022-01-15,2022-01-15,Project payment - King Group,REF55327675,0.0,870.28,84363.74
2022-01-15,2022-01-15,Service payment - Cline-Tucker,REF57950242,0.0,625.17,84988.91
2022-01-15,2022-01-15,Payment from Crawford and Sons,REF29521436,0.0,1403.75,86392.66
2022-01-15,2022-01-15,"Service payment - Hall, Valencia and Huynh",REF80151556,0.0,1195.29,87587.95
2022-01-15,2022-01-15,Business insurance premium,REF48544500,156.61,0.0,87431.34
2022-01-15,2022-01-15,"Project payment - Jacobs, Bender and Rogers",REF32287239,0.0,756.03,88187.37
2022-01-15,2022-01-15,Service payment - Morales LLC,REF62806973,0.0,910.22,89097.59
2022-01-21,2022-01-21,Professional software license,REF77915115,240.99,0.0,88856.6
2022-01-23,2022-01-23,Business meal,REF64909870,291.89,0.0,88564.71
2022-01-27,2022-01-27,Training/conference,REF52984248,377.5,0.0,88187.21
2022-02-01,2022-02-01,Business meal,REF28788410,206.44,0.0,87980.77
2022-02-01,2022-02-01,Equipment purchase,REF77031997,168.15,0.0,87812.62
2022-02-05,2022-02-05,Training/conference,REF76072429,164.99,0.0,87647.63
2022-02-15,2022-02-15,"Project payment - Jacobs, Bender and Rogers",REF24020022,0.0,572.82,88220.45
2022-02-15,2022-02-15,Invoice payment - Cline-Tucker,REF58938198,0.0,595.59,88816.04
2022-02-15,2022-02-15,Payment from Young and Sons,REF29568174,0.0,726.54,89542.58
2022-02-15,2022-02-15,Business insurance premium,REF98015666,149.41,0.0,89393.17
2022-02-15,2022-02-15,Service payment - Morales LLC,REF51573551,0.0,825.53,90218.7
2022-02-15,2022-02-15,Invoice payment - Crawford and Sons,REF76527626,0.0,1154.14,91372.84
2022-02-15,2022-02-15,Project payment - Jimenez-Cooper,REF46262800,0.0,750.23,92123.07
2022-02-15,2022-02-15,Payment from King Group,REF54781541,0.0,795.67,92918.74
2022-02-15,2022-02-15,"Project payment - Hall, Valencia and Huynh",REF83830542,0.0,1477.12,94395.86
2022-02-16,2022-02-16,Business meal,REF96809295,367.53,0.0,94028.33
2022-02-16,2022-02-16,Equipment purchase,REF87028597,199.12,0.0,93829.21
2022-02-17,2022-02-17,Business travel,REF18788179,178.02,0.0,93651.19
2022-02-19,2022-02-19,Business travel,REF59680561,393.85,0.0,93257.34
2022-02-21,2022-02-21,Professional software license,REF73844926,250.81,0.0,93006.53
2022-02-26,2022-02-26,Marketing expenses,REF24141522,235.74,0.0,92770.79
2022-02-26,2022-02-26,Business travel,REF56533819,604.1,0.0,92166.69
2022-03-11,2022-03-11,Marketing expenses,REF29168222,362.42,0.0,91804.27
2022-03-14,2022-03-14,Accounting expense,REF29783503,135.05,0.0,91669.22
2022-03-15,2022-03-15,"Payment from Hall, Valencia and Huynh",REF16313288,0.0,998.32,92667.54
2022-03-15,2022-03-15,Invoice payment - Crawford and Sons,REF85353347,0.0,1053.77,93721.31
2022-03-15,2022-03-15,Project payment - Young and Sons,REF61626762,0.0,476.13,94197.44
2022-03-15,2022-03-15,"Project payment - Jacobs, Bender and Rogers",REF93880251,0.0,493.97,94691.41
2022-03-15,2022-03-15,Business insurance premium,REF75109440,134.07,0.0,94557.34
2022-03-15,2022-03-15,Service payment - Jimenez-Cooper,REF12169013,0.0,567.3,95124.64
2022-03-15,2022-03-15,Service payment - King Group,REF71722360,0.0,704.67,95829.31
2022-03-16,2022-03-16,Equipment purchase,REF64949409,147.37,0.0,95681.94
2022-03-17,2022-03-17,Equipment purchase,REF82286213,241.79,0.0,95440.15
2022-03-19,2022-03-19,Coworking space rental,REF67240181,350.9,0.0,95089.25
2022-03-21,2022-03-21,Professional software license,REF87568372,186.41,0.0,94902.84
2022-03-21,2022-03-21,Equipment purchase,REF94271688,97.12,0.0,94805.72
2022-04-08,2022-04-08,Coworking space rental,REF67250227,151.37,0.0,94654.35
2022-04-12,2022-04-12,Training/conference,REF88463410,244.44,0.0,94409.91
2022-04-14,2022-04-14,Business travel,REF10286244,402.51,0.0,94007.4
2022-04-14,2022-04-14,Business meal,REF73710098,324.98,0.0,93682.42
2022-04-15,2022-04-15,Training/conference,REF72134134,277.11,0.0,93405.31
2022-04-15,2022-04-15,Service payment - Young and Sons,REF94388174,0.0,561.59,93966.9
2022-04-15,2022-04-15,Business insurance premium,REF22333863,132.07,0.0,93834.83
2022-04-15,2022-04-15,Payment from Crawford and Sons,REF76353471,0.0,894.75,94729.58
2022-04-15,2022-04-15,"Service payment - Hall, Valencia and Huynh",REF78276945,0.0,1085.06,95814.64
2022-04-15,2022-04-15,Service payment - Cline-Tucker,REF53890832,0.0,631.25,96445.89
2022-04-15,2022-04-15,"Project payment - Jacobs, Bender and Rogers",REF40821365,0.0,640.97,97086.86
2022-04-15,2022-04-15,Service payment - King Group,REF90175595,0.0,957.23,98044.09
2022-04-15,2022-04-15,Project payment - Morales LLC,REF63428547,0.0,753.19,98797.28
2022-04-18,2022-04-18,Accounting expense,REF47602906,170.32,0.0,98626.96
2022-04-21,2022-04-21,Equipment purchase,REF69987065,158.29,0.0,98468.67
2022-04-21,2022-04-21,Professional software license,REF14460398,161.27,0.0,98307.4
2022-05-02,2022-05-02,Business meal,REF87201014,194.79,0.0,98112.61
2022-05-15,2022-05-15,Service payment - Cline-Tucker,REF16688375,0.0,436.29,98548.9
2022-05-15,2022-05-15,Business insurance premium,REF56307349,126.5,0.0,98422.4
2022-05-15,2022-05-15,Project payment - Jimenez-Cooper,REF91831315,0.0,744.03,99166.43
2022-05-15,2022-05-15,Project payment - Crawford and Sons,REF33432322,0.0,874.33,100040.76
2022-05-15,2022-05-15,Invoice payment - Morales LLC,REF26725195,0.0,677.21,100717.97
2022-05-15,2022-05-15,Invoice payment - Young and Sons,REF34672896,0.0,605.13,101323.1
2022-05-15,2022-05-15,"Service payment - Jacobs, Bender and Rogers",REF42322407,0.0,594.52,101917.62
2022-05-15,2022-05-15,Payment from King Group,REF71308644,0.0,643.65,102561.27
2022-05-15,2022-05-15,"Payment from Hall, Valencia and Huynh",REF12913973,0.0,952.74,103514.01
2022-05-15,2022-05-15,Equipment purchase,REF71080601,149.12,0.0,103364.89
2022-05-19,2022-05-19,Business meal,REF57713640,346.4,0.0,103018.49
2022-05-21,2022-05-21,Professional software license,REF26854626,187.19,0.0,102831.3
2022-05-23,2022-05-23,Business travel,REF68308790,401.84,0.0,102429.46
2022-05-26,2022-05-26,Accounting expense,REF13396924,160.64,0.0,102268.82
2022-05-27,2022-05-27,Training/conference,REF35099013,126.4,0.0,102142.42
2022-06-06,2022-06-06,Accounting expense,REF71221291,129.48,0.0,102012.94
2022-06-08,2022-06-08,Marketing expenses,REF60771573,153.47,0.0,101859.47
2022-06-15,2022-06-15,Service payment - King Group,REF65883454,0.0,551.11,102410.58
2022-06-15,2022-06-15,Invoice payment - Crawford and Sons,REF18071547,0.0,677.28,103087.86
2022-06-15,2022-06-15,Business insurance premium,REF78634074,112.58,0.0,102975.28
2022-06-15,2022-06-15,Payment from Morales LLC,REF27990622,0.0,561.48,103536.76
2022-06-15,2022-06-15,Invoice payment - Jimenez-Cooper,REF77476902,0.0,447.07,103983.83
2022-06-15,2022-06-15,"Project payment - Hall, Valencia and Huynh",REF28203201,0.0,925.57,104909.4
2022-06-15,2022-06-15,Payment from Young and Sons,REF94398243,0.0,367.57,105276.97
2022-06-15,2022-06-15,"Payment from Jacobs, Bender and Rogers",REF78676653,0.0,423.39,105700.36
2022-06-15,2022-06-15,Payment from Cline-Tucker,REF19288483,0.0,435.63,106135.99
2022-06-17,2022-06-17,Coworking space rental,REF13497408,348.87,0.0,105787.12
2022-06-18,2022-06-18,Accounting expense,REF85777827,205.81,0.0,105581.31
2022-06-21,2022-06-21,Professional software license,REF55108443,126.09,0.0,105455.22
2022-06-27,2022-06-27,Equipment purchase,REF46346241,105.5,0.0,105349.72
2022-06-29,2022-06-29,Training/conference,REF29491083,110.61,0.0,105239.11
2022-07-01,2022-07-01,Business meal,REF49631572,164.49,0.0,105074.62
2022-07-03,2022-07-03,Training/conference,REF13513080,94.35,0.0,104980.27
2022-07-09,2022-07-09,Business travel,REF71592605,235.69,0.0,104744.58
2022-07-10,2022-07-10,Marketing expenses,REF37792846,195.68,0.0,104548.9
2022-07-15,2022-07-15,"Payment from Hall, Valencia and Huynh",REF39529175,0.0,1008.09,105556.99
2022-07-15,2022-07-15,Business meal,REF38224410,197.92,0.0,105359.07
2022-07-15,2022-07-15,"Payment from Jacobs, Bender and Rogers",REF93216113,0.0,464.14,105823.21
2022-07-15,2022-07-15,Project payment - Young and Sons,REF47192314,0.0,335.35,106158.56
2022-07-15,2022-07-15,Business travel,REF59651161,274.11,0.0,105884.45
2022-07-15,2022-07-15,Project payment - Cline-Tucker,REF11533467,0.0,408.15,106292.6
2022-07-15,2022-07-15,Business insurance premium,REF71880513,103.58,0.0,106189.02
2022-07-15,2022-07-15,Project payment - Jimenez-Cooper,REF54977368,0.0,526.91,106715.93
2022-07-15,2022-07-15,Service payment - Morales LLC,REF83996769,0.0,449.86,107165.79
2022-07-15,2022-07-15,Project payment - King Group,REF51462477,0.0,486.91,107652.7
2022-07-15,2022-07-15,Project payment - Crawford and Sons,REF68736185,0.0,623.48,108276.18
2022-07-19,2022-07-19,Training/conference,REF57482657,115.15,0.0,108161.03
2022-07-21,2022-07-21,Professional software license,REF68006512,128.68,0.0,108032.35
2022-07-22,2022-07-22,Coworking space rental,REF39094462,147.54,0.0,107884.81
2022-07-22,2022-07-22,Training/conference,REF48353491,128.81,0.0,107756.0
2022-07-24,2022-07-24,Coworking space rental,REF50283746,212.55,0.0,107543.45
2022-07-26,2022-07-26,Coworking space rental,REF29437594,197.55,0.0,107345.9
2022-07-30,2022-07-30,Equipment purchase,REF20407760,107.53,0.0,107238.37
2022-07-31,2022-07-31,Equipment purchase,REF55078566,109.94,0.0,107128.43
2022-08-02,2022-08-02,Marketing expenses,REF58862521,241.37,0.0,106887.06
2022-08-04,2022-08-04,Training/conference,REF46265578,210.41,0.0,106676.65
2022-08-09,2022-08-09,Marketing expenses,REF15748020,211.35,0.0,106465.3
2022-08-11,2022-08-11,Accounting expense,REF54511350,83.37,0.0,106381.93
2022-08-11,2022-08-11,Equipment purchase,REF14621471,149.19,0.0,106232.74
2022-08-15,2022-08-15,Business insurance premium,REF32606578,111.4,0.0,106121.34
2022-08-15,2022-08-15,"Project payment - Jacobs, Bender and Rogers",REF90390523,0.0,375.64,106496.98
2022-08-15,2022-08-15,Project payment - King Group,REF84368912,0.0,608.56,107105.54
2022-08-15,2022-08-15,"Invoice payment - Hall, Valencia and Huynh",REF25429030,0.0,912.08,108017.62
2022-08-15,2022-08-15,Service payment - Young and Sons,REF64914208,0.0,427.41,108445.03
2022-08-15,2022-08-15,Invoice payment - Morales LLC,REF89970706,0.0,514.94,108959.97
2022-08-19,2022-08-19,Equipment purchase,REF28334861,92.97,0.0,108867.0
2022-08-21,2022-08-21,Professional software license,REF49881158,170.12,0.0,108696.88
2022-08-31,2022-08-31,Coworking space rental,REF25782689,256.96,0.0,108439.92
2022-09-01,2022-09-01,Training/conference,REF42594879,214.59,0.0,108225.33
2022-09-15,2022-09-15,Business insurance premium,REF98908210,164.89,0.0,108060.44
2022-09-15,2022-09-15,Invoice payment - Cline-Tucker,REF52784806,0.0,906.15,108966.59
2022-09-15,2022-09-15,"Payment from Hall, Valencia and Huynh",REF93550066,0.0,1130.5,110097.09
2022-09-15,2022-09-15,Project payment - Young and Sons,REF84028855,0.0,579.37,110676.46
2022-09-15,2022-09-15,Service payment - Crawford and Sons,REF63787257,0.0,1108.44,111784.9
2022-09-15,2022-09-15,Project payment - Morales LLC,REF73069901,0.0,991.58,112776.48
2022-09-15,2022-09-15,"Project payment - Jacobs, Bender and Rogers",REF71738916,0.0,587.89,113364.37
2022-09-15,2022-09-15,Project payment - King Group,REF84967669,0.0,463.47,113827.84
2022-09-15,2022-09-15,Service payment - Jimenez-Cooper,REF48847178,0.0,820.0,114647.84
2022-09-21,2022-09-21,Professional software license,REF88566693,209.93,0.0,114437.91
2022-09-22,2022-09-22,Equipment purchase,REF53479486,150.64,0.0,114287.27
2022-09-25,2022-09-25,Coworking space rental,REF97603076,306.42,0.0,113980.85
2022-09-29,2022-09-29,Equipment purchase,REF18127442,135.0,0.0,113845.85
2022-10-03,2022-10-03,Accounting expense,REF16384040,213.9,0.0,113631.95
2022-10-04,2022-10-04,Business travel,REF72348564,551.89,0.0,113080.06
2022-10-05,2022-10-05,Training/conference,REF55554849,290.86,0.0,112789.2
2022-10-06,2022-10-06,Training/conference,REF50641547,318.61,0.0,112470.59
2022-10-06,2022-10-06,Business travel,REF46873949,305.23,0.0,112165.36
2022-10-07,2022-10-07,Business meal,REF10725237,327.57,0.0,111837.79
2022-10-08,2022-10-08,Marketing expenses,REF69219943,435.88,0.0,111401.91
2022-10-15,2022-10-15,Business insurance premium,REF37405035,158.27,0.0,111243.64
2022-10-15,2022-10-15,"Service payment - Jacobs, Bender and Rogers",REF12745545,0.0,519.63,111763.27
2022-10-15,2022-10-15,Service payment - Cline-Tucker,REF61668544,0.0,761.98,112525.25
2022-10-15,2022-10-15,Project payment - King Group,REF30975795,0.0,793.41,113318.66
2022-10-15,2022-10-15,Invoice payment - Jimenez-Cooper,REF51244573,0.0,510.75,113829.41
2022-10-15,2022-10-15,"Service payment - Hall, Valencia and Huynh",REF14600944,0.0,1420.25,115249.66
2022-10-15,2022-10-15,Project payment - Crawford and Sons,REF50269895,0.0,1294.05,116543.71
2022-10-17,2022-10-17,Training/conference,REF52425876,171.94,0.0,116371.77
2022-10-18,2022-10-18,Business travel,REF31657545,359.19,0.0,116012.58
2022-10-20,2022-10-20,Business travel,REF83569049,482.46,0.0,115530.12
2022-10-21,2022-10-21,Professional software license,REF58019349,275.79,0.0,115254.33
2022-10-26,2022-10-26,Training/conference,REF81927790,275.6,0.0,114978.73
2022-10-27,2022-10-27,Business meal,REF78036219,364.17,0.0,114614.56
2022-10-31,2022-10-31,Marketing expenses,REF37042822,262.42,0.0,114352.14
2022-11-03,2022-11-03,Accounting expense,REF47628348,199.6,0.0,114152.54
2022-11-10,2022-11-10,Business meal,REF79395551,367.23,0.0,113785.31
2022-11-15,2022-11-15,Service payment - Jimenez-Cooper,REF37479657,0.0,645.15,114430.46
2022-11-15,2022-11-15,Project payment - Crawford and Sons,REF43623869,0.0,1095.56,115526.02
2022-11-15,2022-11-15,Accounting expense,REF90395094,135.45,0.0,115390.57
2022-11-15,2022-11-15,"Project payment - Hall, Valencia and Huynh",REF44036953,0.0,1382.08,116772.65
2022-11-15,2022-11-15,Project payment - Cline-Tucker,REF78191171,0.0,539.7,117312.35
2022-11-15,2022-11-15,Invoice payment - King Group,REF47556555,0.0,823.33,118135.68
2022-11-15,2022-11-15,Business insurance premium,REF95855189,143.65,0.0,117992.03
2022-11-21,2022-11-21,Professional software license,REF12466985,198.99,0.0,117793.04
2022-11-22,2022-11-22,Marketing expenses,REF94604657,238.0,0.0,117555.04
2022-11-27,2022-11-27,Coworking space rental,REF20820865,511.54,0.0,117043.5
2022-12-01,2022-12-01,Equipment purchase,REF50917050,75.82,0.0,116967.68
2022-12-02,2022-12-02,Marketing expenses,REF91928222,322.45,0.0,116645.23
2022-12-06,2022-12-06,Coworking space rental,REF33528304,232.17,0.0,116413.06
2022-12-11,2022-12-11,Accounting expense,REF33154019,201.39,0.0,116211.67
2022-12-12,2022-12-12,Business travel,REF85722443,255.45,0.0,115956.22
2022-12-15,2022-12-15,Project payment - Jimenez-Cooper,REF52834291,0.0,482.3,116438.52
2022-12-15,2022-12-15,Payment from Cline-Tucker,REF57756281,0.0,634.06,117072.58
2022-12-15,2022-12-15,"Service payment - Hall, Valencia and Huynh",REF40373109,0.0,1135.99,118208.57
2022-12-15,2022-12-15,Service payment - King Group,REF87327213,0.0,596.41,118804.98
2022-12-15,2022-12-15,"Invoice payment - Jacobs, Bender and Rogers",REF93069955,0.0,390.56,119195.54
2022-12-15,2022-12-15,Payment from Morales LLC,REF12281744,0.0,585.24,119780.78
2022-12-15,2022-12-15,Service payment - Crawford and Sons,REF80305461,0.0,848.09,120628.87
2022-12-15,2022-12-15,Project payment - Young and Sons,REF72336297,0.0,407.36,121036.23
2022-12-15,2022-12-15,Business insurance premium,REF81234879,123.37,0.0,120912.86
2022-12-18,2022-12-18,Business meal,REF97266986,304.82,0.0,120608.04
2022-12-19,2022-12-19,Marketing expenses,REF74813793,310.74,0.0,120297.3
2022-12-19,2022-12-19,Coworking space rental,REF16864220,278.16,0.0,120019.14
2022-12-20,2022-12-20,Accounting expense,REF57266945,166.84,0.0,119852.3
2022-12-21,2022-12-21,Business travel,REF17277397,364.32,0.0,119487.98
2022-12-21,2022-12-21,Professional software license,REF39358668,165.69,0.0,119322.29
2022-12-23,2022-12-23,Business travel,REF82940013,293.5,0.0,119028.79
2022-12-25,2022-12-25,Coworking space rental,REF91599548,314.65,0.0,118714.14
2022-12-31,2022-12-31,Business meal,REF38065229,330.14,0.0,118384.0
2023-01-04,2023-01-04,Business travel,REF12620234,677.87,0.0,117706.13
2023-01-06,2023-01-06,Business travel,REF80047329,470.4,0.0,117235.73
2023-01-08,2023-01-08,Marketing expenses,REF32965944,323.06,0.0,116912.67
2023-01-15,2023-01-15,"Payment from Jacobs, Bender and Rogers",REF22018313,0.0,811.06,117723.73
2023-01-15,2023-01-15,Service payment - Cline-Tucker,REF90464925,0.0,804.44,118528.17
2023-01-15,2023-01-15,Invoice payment - Young and Sons,REF12382022,0.0,558.52,119086.69
2023-01-15,2023-01-15,Business travel,REF30275953,362.85,0.0,118723.84
2023-01-15,2023-01-15,Payment from Crawford and Sons,REF42319575,0.0,889.6,119613.44
2023-01-15,2023-01-15,Payment from Jimenez-Cooper,REF84172386,0.0,654.16,120267.6
2023-01-15,2023-01-15,"Invoice payment - Hall, Valencia and Huynh",REF66963357,0.0,1239.45,121507.05
2023-01-15,2023-01-15,Service payment - King Group,REF91842201,0.0,857.02,122364.07
2023-01-15,2023-01-15,Payment from Morales LLC,REF30375326,0.0,585.91,122949.98
2023-01-15,2023-01-15,Business insurance premium,REF20740709,160.67,0.0,122789.31
2023-01-21,2023-01-21,Professional software license,REF74539526,243.27,0.0,122546.04
2023-01-27,2023-01-27,Accounting expense,REF15862664,48.61,0.0,122497.43
2023-01-28,2023-01-28,Coworking space rental,REF20633493,276.76,0.0,122220.67
2023-01-31,2023-01-31,Accounting expense,REF30850313,163.41,0.0,122057.26
2023-02-03,2023-02-03,Business meal,REF16945529,277.68,0.0,121779.58
2023-02-04,2023-02-04,Marketing expenses,REF44076652,367.81,0.0,121411.77
2023-02-04,2023-02-04,Business travel,REF54296150,318.51,0.0,121093.26
2023-02-13,2023-02-13,Equipment purchase,REF46676755,234.89,0.0,120858.37
2023-02-15,2023-02-15,Payment from Crawford and Sons,REF87184025,0.0,961.25,121819.62
2023-02-15,2023-02-15,"Payment from Jacobs, Bender and Rogers",REF85231579,0.0,627.42,122447.04
2023-02-15,2023-02-15,Invoice payment - Young and Sons,REF40749870,0.0,691.82,123138.86
2023-02-15,2023-02-15,Project payment - King Group,REF10109969,0.0,663.44,123802.3
2023-02-15,2023-02-15,Business insurance premium,REF29643489,162.25,0.0,123640.05
2023-02-15,2023-02-15,Service payment - Morales LLC,REF77239089,0.0,894.97,124535.02
2023-02-15,2023-02-15,Service payment - Cline-Tucker,REF82028563,0.0,796.37,125331.39
2023-02-15,2023-02-15,"Service payment - Hall, Valencia and Huynh",REF86632981,0.0,1375.85,126707.24
2023-02-21,2023-02-21,Professional software license,REF76497932,230.31,0.0,126476.93
2023-02-27,2023-02-27,Equipment purchase,REF56252442,236.01,0.0,126240.92
2023-03-05,2023-03-05,Training/conference,REF89864741,298.91,0.0,125942.01
2023-03-05,2023-03-05,Business meal,REF25624850,217.76,0.0,125724.25
2023-03-09,2023-03-09,Business travel,REF58495233,480.65,0.0,125243.6
2023-03-09,2023-03-09,Business meal,REF67082896,269.56,0.0,124974.04
2023-03-10,2023-03-10,Coworking space rental,REF72086017,412.0,0.0,124562.04
2023-03-10,2023-03-10,Business travel,REF86393871,349.22,0.0,124212.82
2023-03-15,2023-03-15,Business insurance premium,REF35008690,130.12,0.0,124082.7
2023-03-15,2023-03-15,Project payment - Crawford and Sons,REF61148062,0.0,1028.07,125110.77
2023-03-15,2023-03-15,"Project payment - Jacobs, Bender and Rogers",REF45633604,0.0,558.45,125669.22
2023-03-15,2023-03-15,Project payment - Jimenez-Cooper,REF39419122,0.0,676.06,126345.28
2023-03-15,2023-03-15,Project payment - Cline-Tucker,REF26311672,0.0,658.57,127003.85
2023-03-16,2023-03-16,Marketing expenses,REF54510795,340.08,0.0,126663.77
2023-03-19,2023-03-19,Marketing expenses,REF66952732,238.25,0.0,126425.52
2023-03-19,2023-03-19,Business travel,REF84652261,384.96,0.0,126040.56
2023-03-20,2023-03-20,Coworking space rental,REF53400300,453.74,0.0,125586.82
2023-03-21,2023-03-21,Professional software license,REF48868160,213.57,0.0,125373.25
2023-03-26,2023-03-26,Coworking space rental,REF46437026,318.77,0.0,125054.48
2023-03-28,2023-03-28,Accounting expense,REF69646557,251.29,0.0,124803.19
2023-03-29,2023-03-29,Marketing expenses,REF26818889,354.52,0.0,124448.67
2023-03-31,2023-03-31,Business meal,REF48352776,232.43,0.0,124216.24
2023-04-07,2023-04-07,Accounting expense,REF33467185,195.83,0.0,124020.41
2023-04-09,2023-04-09,Business travel,REF25746831,510.62,0.0,123509.79
2023-04-15,2023-04-15,Payment from Morales LLC,REF59563840,0.0,1023.35,124533.14
2023-04-15,2023-04-15,"Service payment - Hall, Valencia and Huynh",REF50610580,0.0,1069.29,125602.43
2023-04-15,2023-04-15,"Service payment - Jacobs, Bender and Rogers",REF51843624,0.0,709.2,126311.63
2023-04-15,2023-04-15,Project payment - Young and Sons,REF83976735,0.0,648.34,126959.97
2023-04-15,2023-04-15,Payment from King Group,REF36040248,0.0,723.21,127683.18
2023-04-15,2023-04-15,Service payment - Cline-Tucker,REF46694725,0.0,526.72,128209.9
2023-04-15,2023-04-15,Service payment - Crawford and Sons,REF12168426,0.0,1104.21,129314.11
2023-04-15,2023-04-15,Invoice payment - Jimenez-Cooper,REF83544634,0.0,662.87,129976.98
2023-04-15,2023-04-15,Business insurance premium,REF31336717,134.92,0.0,129842.06
2023-04-21,2023-04-21,Marketing expenses,REF57302729,392.35,0.0,129449.71
2023-04-21,2023-04-21,Professional software license,REF70945816,219.31,0.0,129230.4
2023-04-27,2023-04-27,Accounting expense,REF84375621,178.45,0.0,129051.95
2023-04-29,2023-04-29,Business meal,REF93409951,190.0,0.0,128861.95
2023-05-02,2023-05-02,Training/conference,REF42552759,108.44,0.0,128753.51
2023-05-13,2023-05-13,Business meal,REF25410970,150.09,0.0,128603.42
2023-05-14,2023-05-14,Equipment purchase,REF40362111,120.95,0.0,128482.47
2023-05-15,2023-05-15,Project payment - Jimenez-Cooper,REF81805917,0.0,679.35,129161.82
2023-05-15,2023-05-15,Service payment - Young and Sons,REF83042422,0.0,534.01,129695.83
2023-05-15,2023-05-15,"Payment from Hall, Valencia and Huynh",REF22873994,0.0,886.31,130582.14
2023-05-15,2023-05-15,Invoice payment - King Group,REF57726886,0.0,694.35,131276.49
2023-05-15,2023-05-15,Project payment - Crawford and Sons,REF99887049,0.0,874.55,132151.04
2023-05-15,2023-05-15,Project payment - Morales LLC,REF86940490,0.0,537.5,132688.54
2023-05-15,2023-05-15,"Invoice payment - Jacobs, Bender and Rogers",REF64321354,0.0,584.04,133272.58
2023-05-15,2023-05-15,Payment from Cline-Tucker,REF79298062,0.0,625.79,133898.37
2023-05-15,2023-05-15,Business insurance premium,REF25841653,126.22,0.0,133772.15
2023-05-17,2023-05-17,Business meal,REF95456992,291.69,0.0,133480.46
2023-05-18,2023-05-18,Coworking space rental,REF92029589,79.38,0.0,133401.08
2023-05-20,2023-05-20,Coworking space rental,REF38405317,416.65,0.0,132984.43
2023-05-21,2023-05-21,Professional software license,REF35095774,168.94,0.0,132815.49
2023-05-24,2023-05-24,Coworking space rental,REF89373048,182.67,0.0,132632.82
2023-05-28,2023-05-28,Marketing expenses,REF91745959,278.27,0.0,132354.55
2023-05-30,2023-05-30,Training/conference,REF34600685,51.07,0.0,132303.48
2023-06-01,2023-06-01,Marketing expenses,REF59682779,202.29,0.0,132101.19
2023-06-05,2023-06-05,Training/conference,REF24317576,186.23,0.0,131914.96
2023-06-05,2023-06-05,Business meal,REF48312300,234.29,0.0,131680.67
2023-06-09,2023-06-09,Business travel,REF70033817,462.59,0.0,131218.08
2023-06-09,2023-06-09,Marketing expenses,REF22998067,212.41,0.0,131005.67
2023-06-10,2023-06-10,Business travel,REF20912959,289.01,0.0,130716.66
2023-06-15,2023-06-15,Accounting expense,REF85881898,173.63,0.0,130543.03
2023-06-15,2023-06-15,Invoice payment - King Group,REF71351470,0.0,433.58,130976.61
2023-06-15,2023-06-15,Business insurance premium,REF51586819,122.5,0.0,130854.11
2023-06-15,2023-06-15,"Payment from Jacobs, Bender and Rogers",REF41913069,0.0,370.91,131225.02
2023-06-15,2023-06-15,Equipment purchase,REF13207006,90.62,0.0,131134.4
2023-06-15,2023-06-15,Service payment - Morales LLC,REF96609368,0.0,637.34,131771.74
2023-06-15,2023-06-15,Payment from Cline-Tucker,REF76690958,0.0,520.86,132292.6
2023-06-15,2023-06-15,Service payment - Crawford and Sons,REF18048696,0.0,728.79,133021.39
2023-06-15,2023-06-15,Project payment - Young and Sons,REF13958223,0.0,478.48,133499.87
2023-06-15,2023-06-15,Payment from Jimenez-Cooper,REF64712998,0.0,571.92,134071.79
2023-06-16,2023-06-16,Training/conference,REF89203195,207.75,0.0,133864.04
2023-06-17,2023-06-17,Accounting expense,REF17851482,122.6,0.0,133741.44
2023-06-19,2023-06-19,Equipment purchase,REF18705701,81.98,0.0,133659.46
2023-06-21,2023-06-21,Professional software license,REF26166293,157.68,0.0,133501.78
2023-06-23,2023-06-23,Accounting expense,REF73097873,221.27,0.0,133280.51
2023-06-27,2023-06-27,Business travel,REF79334389,174.86,0.0,133105.65
2023-06-30,2023-06-30,Coworking space rental,REF35703647,276.34,0.0,132829.31
2023-07-08,2023-07-08,Business travel,REF53964378,205.2,0.0,132624.11
2023-07-15,2023-07-15,Service payment - Jimenez-Cooper,REF37714711,0.0,346.41,132970.52
2023-07-15,2023-07-15,"Service payment - Jacobs, Bender and Rogers",REF94732102,0.0,250.51,133221.03
2023-07-15,2023-07-15,Payment from Crawford and Sons,REF62081815,0.0,526.56,133747.59
2023-07-15,2023-07-15,Payment from Cline-Tucker,REF66343729,0.0,456.48,134204.07
2023-07-15,2023-07-15,Service payment - Morales LLC,REF86071556,0.0,517.2,134721.27
2023-07-15,2023-07-15,"Project payment - Hall, Valencia and Huynh",REF38798141,0.0,790.71,135511.98
2023-07-15,2023-07-15,Project payment - Young and Sons,REF97979786,0.0,377.96,135889.94
2023-07-15,2023-07-15,Invoice payment - King Group,REF73680274,0.0,506.0,136395.94
2023-07-15,2023-07-15,Business insurance premium,REF51810397,107.99,0.0,136287.95
2023-07-19,2023-07-19,Coworking space rental,REF55301227,220.33,0.0,136067.62
2023-07-20,2023-07-20,Equipment purchase,REF89751926,126.4,0.0,135941.22
2023-07-21,2023-07-21,Professional software license,REF66852358,133.78,0.0,135807.44
2023-07-21,2023-07-21,Accounting expense,REF43146582,62.52,0.0,135744.92
2023-07-22,2023-07-22,Coworking space rental,REF25892269,190.85,0.0,135554.07
2023-07-24,2023-07-24,Training/conference,REF56080320,180.34,0.0,135373.73
2023-07-28,2023-07-28,Equipment purchase,REF53495424,80.48,0.0,135293.25
2023-07-29,2023-07-29,Equipment purchase,REF66433271,63.07,0.0,135230.18
2023-07-30,2023-07-30,Accounting expense,REF79524622,148.13,0.0,135082.05
2023-08-02,2023-08-02,Equipment purchase,REF52891771,198.08,0.0,134883.97
2023-08-05,2023-08-05,Business meal,REF38594043,183.73,0.0,134700.24
2023-08-10,2023-08-10,Coworking space rental,REF99609184,182.73,0.0,134517.51
2023-08-13,2023-08-13,Equipment purchase,REF62256975,129.98,0.0,134387.53
2023-08-15,2023-08-15,Payment from Morales LLC,REF76121914,0.0,691.62,135079.15
2023-08-15,2023-08-15,Service payment - King Group,REF20236156,0.0,621.78,135700.93
2023-08-15,2023-08-15,Business insurance premium,REF91218205,122.33,0.0,135578.6
2023-08-15,2023-08-15,Invoice payment - Young and Sons,REF16278023,0.0,474.37,136052.97
2023-08-15,2023-08-15,Service payment - Crawford and Sons,REF41706069,0.0,778.01,136830.98
2023-08-15,2023-08-15,"Payment from Hall, Valencia and Huynh",REF17218319,0.0,657.5,137488.48
2023-08-15,2023-08-15,"Payment from Jacobs, Bender and Rogers",REF32753855,0.0,342.44,137830.92
2023-08-15,2023-08-15,Service payment - Cline-Tucker,REF51551436,0.0,503.63,138334.55
2023-08-15,2023-08-15,Payment from Jimenez-Cooper,REF83567513,0.0,566.63,138901.18
2023-08-16,2023-08-16,Training/conference,REF88282493,133.82,0.0,138767.36
2023-08-18,2023-08-18,Training/conference,REF69843268,172.48,0.0,138594.88
2023-08-18,2023-08-18,Coworking space rental,REF91000367,266.24,0.0,138328.64
2023-08-18,2023-08-18,Business meal,REF47373249,187.8,0.0,138140.84
2023-08-21,2023-08-21,Professional software license,REF88819743,170.25,0.0,137970.59
2023-08-23,2023-08-23,Business travel,REF30254167,78.48,0.0,137892.11
2023-09-08,2023-09-08,Marketing expenses,REF48254118,359.69,0.0,137532.42
2023-09-10,2023-09-10,Training/conference,REF48862382,222.32,0.0,137310.1
2023-09-13,2023-09-13,Coworking space rental,REF18677693,393.55,0.0,136916.55
2023-09-13,2023-09-13,Business travel,REF77306218,467.64,0.0,136448.91
2023-09-15,2023-09-15,Service payment - Morales LLC,REF84781169,0.0,727.62,137176.53
2023-09-15,2023-09-15,"Payment from Hall, Valencia and Huynh",REF97560590,0.0,1036.05,138212.58
2023-09-15,2023-09-15,Project payment - Jimenez-Cooper,REF21406962,0.0,636.82,138849.4
2023-09-15,2023-09-15,Invoice payment - Young and Sons,REF80029450,0.0,577.73,139427.13
2023-09-15,2023-09-15,Project payment - Cline-Tucker,REF31737260,0.0,633.3,140060.43
2023-09-15,2023-09-15,"Project payment - Jacobs, Bender and Rogers",REF54517148,0.0,670.92,140731.35
2023-09-15,2023-09-15,Business insurance premium,REF96639873,155.81,0.0,140575.54
2023-09-15,2023-09-15,Project payment - Crawford and Sons,REF77750695,0.0,918.85,141494.39
2023-09-15,2023-09-15,Project payment - King Group,REF98658203,0.0,714.42,142208.81
2023-09-20,2023-09-20,Equipment purchase,REF77365373,297.32,0.0,141911.49
2023-09-21,2023-09-21,Professional software license,REF65882176,230.63,0.0,141680.86
2023-09-26,2023-09-26,Business meal,REF99888918,159.98,0.0,141520.88
2023-09-30,2023-09-30,Accounting expense,REF96174921,122.11,0.0,141398.77
2023-10-03,2023-10-03,Business travel,REF21408525,655.29,0.0,140743.48
2023-10-08,2023-10-08,Business meal,REF81416056,339.37,0.0,140404.11
2023-10-15,2023-10-15,Business travel,REF45707479,482.46,0.0,139921.65
2023-10-15,2023-10-15,Project payment - Morales LLC,REF21621525,0.0,901.78,140823.43
2023-10-15,2023-10-15,Payment from Jimenez-Cooper,REF83046185,0.0,714.82,141538.25
2023-10-15,2023-10-15,Project payment - King Group,REF46010377,0.0,742.73,142280.98
2023-10-15,2023-10-15,"Invoice payment - Jacobs, Bender and Rogers",REF98723918,0.0,606.88,142887.86
2023-10-15,2023-10-15,Payment from Crawford and Sons,REF50208936,0.0,918.03,143805.89
2023-10-15,2023-10-15,Invoice payment - Young and Sons,REF19161143,0.0,647.5,144453.39
2023-10-15,2023-10-15,"Invoice payment - Hall, Valencia and Huynh",REF99568260,0.0,1331.69,145785.08
2023-10-15,2023-10-15,Service payment - Cline-Tucker,REF94889449,0.0,578.06,146363.14
2023-10-15,2023-10-15,Business insurance premium,REF34652051,174.28,0.0,146188.86
2023-10-19,2023-10-19,Business travel,REF42623536,531.38,0.0,145657.48
2023-10-21,2023-10-21,Professional software license,REF99652444,257.83,0.0,145399.65
2023-10-23,2023-10-23,Training/conference,REF68872181,451.6,0.0,144948.05
2023-10-23,2023-10-23,Business meal,REF46822920,93.99,0.0,144854.06
2023-10-24,2023-10-24,Coworking space rental,REF58425900,407.12,0.0,144446.94
2023-10-24,2023-10-24,Business meal,REF62926353,278.02,0.0,144168.92
2023-10-25,2023-10-25,Coworking space rental,REF86693174,238.8,0.0,143930.12
2023-10-25,2023-10-25,Business travel,REF16364873,473.28,0.0,143456.84
2023-10-27,2023-10-27,Accounting expense,REF94994678,187.01,0.0,143269.83
2023-11-10,2023-11-10,Equipment purchase,REF16815519,90.68,0.0,143179.15
2023-11-15,2023-11-15,"Invoice payment - Jacobs, Bender and Rogers",REF18980091,0.0,765.55,143944.7
2023-11-15,2023-11-15,Business insurance premium,REF33443248,153.61,0.0,143791.09
2023-11-15,2023-11-15,Invoice payment - Jimenez-Cooper,REF48320007,0.0,666.08,144457.17
2023-11-15,2023-11-15,Coworking space rental,REF26569226,295.07,0.0,144162.1
2023-11-15,2023-11-15,Invoice payment - Cline-Tucker,REF67238521,0.0,511.88,144673.98
2023-11-15,2023-11-15,"Invoice payment - Hall, Valencia and Huynh",REF13653476,0.0,1673.05,146347.03
2023-11-15,2023-11-15,Project payment - King Group,REF73233344,0.0,734.94,147081.97
2023-11-15,2023-11-15,Invoice payment - Young and Sons,REF25880644,0.0,628.87,147710.84
2023-11-15,2023-11-15,Invoice payment - Crawford and Sons,REF96747300,0.0,1292.86,149003.7
2023-11-16,2023-11-16,Business travel,REF64533249,278.24,0.0,148725.46
2023-11-18,2023-11-18,Accounting expense,REF31203360,142.6,0.0,148582.86
2023-11-19,2023-11-19,Equipment purchase,REF63317816,137.96,0.0,148444.9
2023-11-21,2023-11-21,Professional software license,REF48495978,212.89,0.0,148232.01
2023-11-28,2023-11-28,Coworking space rental,REF78171781,230.84,0.0,148001.17
2023-12-03,2023-12-03,Business travel,REF94098876,383.81,0.0,147617.36
2023-12-04,2023-12-04,Business meal,REF19741067,177.76,0.0,147439.6
2023-12-06,2023-12-06,Coworking space rental,REF45608091,172.9,0.0,147266.7
2023-12-10,2023-12-10,Business meal,REF24569388,155.05,0.0,147111.65
2023-12-11,2023-12-11,Marketing expenses,REF74242454,180.66,0.0,146930.99
2023-12-15,2023-12-15,"Invoice payment - Hall, Valencia and Huynh",REF99900011,0.0,1089.2,148020.19
2023-12-15,2023-12-15,Payment from Morales LLC,REF32052194,0.0,654.07,148674.26
2023-12-15,2023-12-15,Service payment - Crawford and Sons,REF17710933,0.0,809.72,149483.98
2023-12-15,2023-12-15,Invoice payment - Cline-Tucker,REF68239370,0.0,483.1,149967.08
2023-12-15,2023-12-15,Service payment - King Group,REF59022373,0.0,680.84,150647.92
2023-12-15,2023-12-15,"Service payment - Jacobs, Bender and Rogers",REF49156121,0.0,405.36,151053.28
2023-12-15,2023-12-15,Business insurance premium,REF37351662,126.16,0.0,150927.12
2023-12-15,2023-12-15,Service payment - Jimenez-Cooper,REF84685543,0.0,544.1,151471.22
2023-12-15,2023-12-15,Invoice payment - Young and Sons,REF30400592,0.0,549.57,152020.79
2023-12-21,2023-12-21,Professional software license,REF16947777,180.81,0.0,151839.98
2024-01-01,2024-01-01,Equipment purchase,REF95837651,179.08,0.0,151660.9
2024-01-05,2024-01-05,Business travel,REF74341011,399.54,0.0,151261.36
2024-01-07,2024-01-07,Training/conference,REF22704945,266.57,0.0,150994.79
2024-01-11,2024-01-11,Equipment purchase,REF34860963,192.05,0.0,150802.74
2024-01-12,2024-01-12,Training/conference,REF56030217,205.4,0.0,150597.34
2024-01-15,2024-01-15,Invoice payment - Morales LLC,REF84557247,0.0,1066.08,151663.42
2024-01-15,2024-01-15,"Payment from Hall, Valencia and Huynh",REF57998964,0.0,1219.4,152882.82
2024-01-15,2024-01-15,Invoice payment - Crawford and Sons,REF69048795,0.0,713.87,153596.69
2024-01-15,2024-01-15,Business insurance premium,REF53375579,163.37,0.0,153433.32
2024-01-15,2024-01-15,Invoice payment - King Group,REF29331451,0.0,652.82,154086.14
2024-01-15,2024-01-15,Project payment - Jimenez-Cooper,REF37655700,0.0,595.58,154681.72
2024-01-15,2024-01-15,"Project payment - Jacobs, Bender and Rogers",REF39908508,0.0,681.18,155362.9
2024-01-15,2024-01-15,Invoice payment - Young and Sons,REF76134614,0.0,806.61,156169.51
2024-01-15,2024-01-15,Service payment - Cline-Tucker,REF31662853,0.0,814.7,156984.21
2024-01-21,2024-01-21,Professional software license,REF58134016,231.22,0.0,156752.99
2024-01-24,2024-01-24,Business travel,REF21555655,435.8,0.0,156317.19
2024-01-28,2024-01-28,Business travel,REF44929136,439.15,0.0,155878.04
2024-01-30,2024-01-30,Coworking space rental,REF72659769,319.24,0.0,155558.8
2024-01-31,2024-01-31,Equipment purchase,REF86087365,80.74,0.0,155478.06
2024-02-02,2024-02-02,Business travel,REF24121523,426.42,0.0,155051.64
2024-02-04,2024-02-04,Business travel,REF50236265,609.15,0.0,154442.49
2024-02-07,2024-02-07,Marketing expenses,REF54869395,293.97,0.0,154148.52
2024-02-08,2024-02-08,Accounting expense,REF49376765,240.89,0.0,153907.63
2024-02-08,2024-02-08,Business travel,REF70142952,407.77,0.0,153499.86
2024-02-11,2024-02-11,Accounting expense,REF97137485,220.16,0.0,153279.7
2024-02-15,2024-02-15,Business insurance premium,REF53221388,151.92,0.0,153127.78
2024-02-15,2024-02-15,"Invoice payment - Hall, Valencia and Huynh",REF72506977,0.0,1278.5,154406.28
2024-02-15,2024-02-15,"Service payment - Jacobs, Bender and Rogers",REF53874610,0.0,718.63,155124.91
2024-02-15,2024-02-15,Service payment - Morales LLC,REF44252531,0.0,851.99,155976.9
2024-02-15,2024-02-15,Service payment - Crawford and Sons,REF24668999,0.0,864.44,156841.34
2024-02-15,2024-02-15,Invoice payment - Jimenez-Cooper,REF22318440,0.0,602.73,157444.07
2024-02-15,2024-02-15,Payment from Young and Sons,REF98353443,0.0,788.95,158233.02
2024-02-20,2024-02-20,Business travel,REF51898659,270.78,0.0,157962.24
2024-02-21,2024-02-21,Professional software license,REF71751618,208.3,0.0,157753.94
2024-02-22,2024-02-22,Coworking space rental,REF49178530,209.29,0.0,157544.65
2024-02-24,2024-02-24,Accounting expense,REF74102138,322.95,0.0,157221.7
2024-02-26,2024-02-26,Business travel,REF62859219,510.53,0.0,156711.17
2024-02-29,2024-02-29,Coworking space rental,REF80105800,236.16,0.0,156475.01
2024-03-09,2024-03-09,Accounting expense,REF20493658,172.02,0.0,156302.99
2024-03-15,2024-03-15,Training/conference,REF70799008,150.91,0.0,156152.08
2024-03-15,2024-03-15,"Invoice payment - Jacobs, Bender and Rogers",REF82839499,0.0,615.37,156767.45
2024-03-15,2024-03-15,Payment from Jimenez-Cooper,REF90445767,0.0,665.03,157432.48
2024-03-15,2024-03-15,Project payment - King Group,REF19172623,0.0,653.48,158085.96
2024-03-15,2024-03-15,"Service payment - Hall, Valencia and Huynh",REF46212140,0.0,1426.49,159512.45
2024-03-15,2024-03-15,Payment from Young and Sons,REF45472681,0.0,682.22,160194.67
2024-03-15,2024-03-15,Project payment - Cline-Tucker,REF51280304,0.0,605.25,160799.92
2024-03-15,2024-03-15,Project payment - Morales LLC,REF86119143,0.0,813.84,161613.76
2024-03-15,2024-03-15,Service payment - Crawford and Sons,REF43152478,0.0,962.11,162575.87
2024-03-15,2024-03-15,Business insurance premium,REF74000965,140.08,0.0,162435.79
2024-03-19,2024-03-19,Coworking space rental,REF80642936,240.18,0.0,162195.61
2024-03-21,2024-03-21,Professional software license,REF22578349,230.72,0.0,161964.89
2024-03-25,2024-03-25,Equipment purchase,REF91782378,160.44,0.0,161804.45
2024-04-01,2024-04-01,Accounting expense,REF44220602,197.88,0.0,161606.57
2024-04-01,2024-04-01,Marketing expenses,REF45486732,293.25,0.0,161313.32
2024-04-04,2024-04-04,Business travel,REF90581377,360.84,0.0,160952.48
2024-04-10,2024-04-10,Marketing expenses,REF15276440,227.5,0.0,160724.98
2024-04-15,2024-04-15,Business insurance premium,REF70087679,146.41,0.0,160578.57
2024-04-15,2024-04-15,"Project payment - Jacobs, Bender and Rogers",REF43948171,0.0,611.28,161189.85
2024-04-15,2024-04-15,"Invoice payment - Hall, Valencia and Huynh",REF92391453,0.0,723.11,161912.96
2024-04-15,2024-04-15,Project payment - Crawford and Sons,REF12636672,0.0,754.64,162667.6
2024-04-15,2024-04-15,Payment from Jimenez-Cooper,REF34567027,0.0,691.15,163358.75
2024-04-15,2024-04-15,Invoice payment - Young and Sons,REF83078695,0.0,438.06,163796.81
2024-04-15,2024-04-15,Project payment - Cline-Tucker,REF68416747,0.0,454.25,164251.06
2024-04-17,2024-04-17,Business travel,REF11220800,259.88,0.0,163991.18
2024-04-18,2024-04-18,Business meal,REF37834613,220.13,0.0,163771.05
2024-04-19,2024-04-19,Training/conference,REF65943076,84.25,0.0,163686.8
2024-04-21,2024-04-21,Professional software license,REF74737603,221.44,0.0,163465.36
2024-04-26,2024-04-26,Business meal,REF58777341,281.35,0.0,163184.01
2024-05-07,2024-05-07,Business meal,REF53236862,256.9,0.0,162927.11
2024-05-08,2024-05-08,Training/conference,REF46135770,247.45,0.0,162679.66
2024-05-10,2024-05-10,Business meal,REF39258210,211.54,0.0,162468.12
2024-05-12,2024-05-12,Marketing expenses,REF64118645,250.46,0.0,162217.66
2024-05-15,2024-05-15,Invoice payment - Young and Sons,REF11494460,0.0,520.75,162738.41
2024-05-15,2024-05-15,"Service payment - Hall, Valencia and Huynh",REF69204897,0.0,761.99,163500.4
2024-05-15,2024-05-15,Project payment - King Group,REF42142533,0.0,643.86,164144.26
2024-05-15,2024-05-15,Business insurance premium,REF21080739,139.45,0.0,164004.81
2024-05-15,2024-05-15,Payment from Cline-Tucker,REF19201685,0.0,554.14,164558.95
2024-05-15,2024-05-15,Service payment - Jimenez-Cooper,REF27195182,0.0,580.3,165139.25
2024-05-15,2024-05-15,"Invoice payment - Jacobs, Bender and Rogers",REF91715000,0.0,414.47,165553.72
2024-05-15,2024-05-15,Invoice payment - Crawford and Sons,REF44837976,0.0,731.31,166285.03
2024-05-15,2024-05-15,Invoice payment - Morales LLC,REF94595402,0.0,663.13,166948.16
2024-05-18,2024-05-18,Business meal,REF60721960,172.13,0.0,166776.03
2024-05-20,2024-05-20,Coworking space rental,REF88470422,245.36,0.0,166530.67
2024-05-21,2024-05-21,Professional software license,REF99010596,178.52,0.0,166352.15
2024-05-25,2024-05-25,Training/conference,REF16722677,169.63,0.0,166182.52
2024-05-26,2024-05-26,Business travel,REF41060987,145.37,0.0,166037.15
2024-05-26,2024-05-26,Marketing expenses,REF16365971,312.64,0.0,165724.51
2024-05-28,2024-05-28,Business travel,REF68615747,341.58,0.0,165382.93
2024-05-31,2024-05-31,Marketing expenses,REF63220095,275.25,0.0,165107.68
2024-06-01,2024-06-01,Business meal,REF55041882,255.31,0.0,164852.37
2024-06-07,2024-06-07,Business travel,REF50684732,276.27,0.0,164576.1
2024-06-10,2024-06-10,Training/conference,REF62618324,168.11,0.0,164407.99
2024-06-14,2024-06-14,Training/conference,REF18270587,145.74,0.0,164262.25
2024-06-15,2024-06-15,Project payment - Jimenez-Cooper,REF99633156,0.0,392.19,164654.44
2024-06-15,2024-06-15,Service payment - Young and Sons,REF39089981,0.0,550.64,165205.08
2024-06-15,2024-06-15,"Invoice payment - Hall, Valencia and Huynh",REF70100559,0.0,1018.23,166223.31
2024-06-15,2024-06-15,"Project payment - Jacobs, Bender and Rogers",REF39183686,0.0,432.98,166656.29
2024-06-15,2024-06-15,Invoice payment - Crawford and Sons,REF92701688,0.0,640.65,167296.94
2024-06-15,2024-06-15,Payment from Cline-Tucker,REF98510929,0.0,384.8,167681.74
2024-06-15,2024-06-15,Service payment - King Group,REF75507176,0.0,547.58,168229.32
2024-06-15,2024-06-15,Business insurance premium,REF95246519,105.37,0.0,168123.95
2024-06-18,2024-06-18,Accounting expense,REF94039244,162.46,0.0,167961.49
2024-06-19,2024-06-19,Equipment purchase,REF82262147,142.25,0.0,167819.24
2024-06-21,2024-06-21,Professional software license,REF15041337,159.66,0.0,167659.58
2024-06-26,2024-06-26,Training/conference,REF53266731,127.2,0.0,167532.38
2024-07-01,2024-07-01,Training/conference,REF91801125,94.43,0.0,167437.95
2024-07-03,2024-07-03,Business travel,REF53038392,292.79,0.0,167145.16
2024-07-06,2024-07-06,Training/conference,REF96114089,132.12,0.0,167013.04
2024-07-12,2024-07-12,Equipment purchase,REF93553039,122.44,0.0,166890.6
2024-07-12,2024-07-12,Business travel,REF59354569,301.86,0.0,166588.74
2024-07-14,2024-07-14,Marketing expenses,REF49730949,181.18,0.0,166407.56
2024-07-15,2024-07-15,Business insurance premium,REF18410009,100.05,0.0,166307.51
2024-07-15,2024-07-15,Payment from Crawford and Sons,REF41841037,0.0,626.92,166934.43
2024-07-15,2024-07-15,Invoice payment - Jimenez-Cooper,REF62741267,0.0,393.15,167327.58
2024-07-15,2024-07-15,Invoice payment - Morales LLC,REF95843638,0.0,513.58,167841.16
2024-07-15,2024-07-15,"Service payment - Jacobs, Bender and Rogers",REF99939137,0.0,381.76,168222.92
2024-07-15,2024-07-15,Invoice payment - Cline-Tucker,REF30156312,0.0,363.91,168586.83
2024-07-15,2024-07-15,Service payment - Young and Sons,REF94535533,0.0,352.89,168939.72
2024-07-21,2024-07-21,Professional software license,REF29393508,156.65,0.0,168783.07
2024-07-21,2024-07-21,Marketing expenses,REF92571610,231.83,0.0,168551.24
2024-07-22,2024-07-22,Coworking space rental,REF28135679,246.67,0.0,168304.57
2024-07-24,2024-07-24,Equipment purchase,REF39641403,95.81,0.0,168208.76
2024-07-27,2024-07-27,Business meal,REF75002887,208.87,0.0,167999.89
2024-08-02,2024-08-02,Equipment purchase,REF40817254,105.14,0.0,167894.75
2024-08-09,2024-08-09,Coworking space rental,REF47078506,260.51,0.0,167634.24
2024-08-09,2024-08-09,Training/conference,REF65135329,147.04,0.0,167487.2
2024-08-11,2024-08-11,Business meal,REF21940605,177.64,0.0,167309.56
2024-08-12,2024-08-12,Business travel,REF59910518,345.76,0.0,166963.8
2024-08-14,2024-08-14,Business meal,REF49657686,135.6,0.0,166828.2
2024-08-15,2024-08-15,Business insurance premium,REF52997209,101.43,0.0,166726.77
2024-08-15,2024-08-15,Service payment - Crawford and Sons,REF82632849,0.0,634.52,167361.29
2024-08-15,2024-08-15,Service payment - King Group,REF13246781,0.0,520.3,167881.59
2024-08-15,2024-08-15,Equipment purchase,REF41351595,111.51,0.0,167770.08
2024-08-15,2024-08-15,"Invoice payment - Hall, Valencia and Huynh",REF92439371,0.0,974.95,168745.03
2024-08-15,2024-08-15,Project payment - Jimenez-Cooper,REF32272018,0.0,516.4,169261.43
2024-08-15,2024-08-15,Service payment - Young and Sons,REF81124432,0.0,384.76,169646.19
2024-08-15,2024-08-15,Service payment - Cline-Tucker,REF81551107,0.0,598.7,170244.89
2024-08-15,2024-08-15,"Project payment - Jacobs, Bender and Rogers",REF25406714,0.0,371.57,170616.46
2024-08-15,2024-08-15,Service payment - Morales LLC,REF50121193,0.0,546.31,171162.77
2024-08-21,2024-08-21,Professional software license,REF70813624,156.19,0.0,171006.58
2024-08-25,2024-08-25,Training/conference,REF45605020,167.82,0.0,170838.76
2024-08-27,2024-08-27,Business meal,REF45371587,140.45,0.0,170698.31
2024-08-28,2024-08-28,Equipment purchase,REF18637177,90.21,0.0,170608.1
2024-08-31,2024-08-31,Coworking space rental,REF50413046,262.51,0.0,170345.59
2024-09-04,2024-09-04,Business travel,REF27394255,694.53,0.0,169651.06
2024-09-06,2024-09-06,Business meal,REF14193652,139.94,0.0,169511.12
2024-09-12,2024-09-12,Equipment purchase,REF19958365,74.81,0.0,169436.31
2024-09-13,2024-09-13,Business travel,REF79245992,414.69,0.0,169021.62
2024-09-15,2024-09-15,Training/conference,REF34076123,99.16,0.0,168922.46
2024-09-15,2024-09-15,Service payment - Crawford and Sons,REF72720875,0.0,955.87,169878.33
2024-09-15,2024-09-15,Project payment - Young and Sons,REF73197959,0.0,648.25,170526.58
2024-09-15,2024-09-15,Project payment - Cline-Tucker,REF81569113,0.0,723.48,171250.06
2024-09-15,2024-09-15,"Payment from Jacobs, Bender and Rogers",REF75542619,0.0,640.16,171890.22
2024-09-15,2024-09-15,Project payment - Morales LLC,REF94662760,0.0,930.01,172820.23
2024-09-15,2024-09-15,Service payment - King Group,REF24692579,0.0,866.21,173686.44
2024-09-15,2024-09-15,Business insurance premium,REF90267395,171.43,0.0,173515.01
2024-09-15,2024-09-15,"Invoice payment - Hall, Valencia and Huynh",REF83016967,0.0,1288.24,174803.25
2024-09-15,2024-09-15,Business travel,REF85539962,723.77,0.0,174079.48
2024-09-17,2024-09-17,Business meal,REF71766013,271.26,0.0,173808.22
2024-09-21,2024-09-21,Professional software license,REF46990424,240.49,0.0,173567.73
2024-09-21,2024-09-21,Equipment purchase,REF77570772,194.5,0.0,173373.23
2024-09-22,2024-09-22,Business travel,REF33662841,467.7,0.0,172905.53
2024-09-24,2024-09-24,Accounting expense,REF41555315,223.2,0.0,172682.33
2024-09-28,2024-09-28,Business travel,REF35849709,613.17,0.0,172069.16
2024-10-02,2024-10-02,Accounting expense,REF58973046,372.3,0.0,171696.86
2024-10-07,2024-10-07,Training/conference,REF86100105,311.52,0.0,171385.34
2024-10-13,2024-10-13,Marketing expenses,REF43262993,304.65,0.0,171080.69
2024-10-14,2024-10-14,Business meal,REF67732564,472.22,0.0,170608.47
2024-10-15,2024-10-15,Invoice payment - Morales LLC,REF40387217,0.0,866.52,171474.99
2024-10-15,2024-10-15,Project payment - Young and Sons,REF97062163,0.0,809.52,172284.51
2024-10-15,2024-10-15,"Service payment - Hall, Valencia and Huynh",REF95131393,0.0,1602.87,173887.38
2024-10-15,2024-10-15,Project payment - Jimenez-Cooper,REF62537388,0.0,794.72,174682.1
2024-10-15,2024-10-15,Project payment - King Group,REF70481899,0.0,764.21,175446.31
2024-10-15,2024-10-15,Payment from Crawford and Sons,REF56379724,0.0,926.07,176372.38
2024-10-15,2024-10-15,"Service payment - Jacobs, Bender and Rogers",REF26835239,0.0,718.38,177090.76
2024-10-15,2024-10-15,Business insurance premium,REF78520797,180.71,0.0,176910.05
2024-10-15,2024-10-15,Project payment - Cline-Tucker,REF26766111,0.0,525.28,177435.33
2024-10-17,2024-10-17,Business travel,REF38037067,481.64,0.0,176953.69
2024-10-18,2024-10-18,Equipment purchase,REF32078995,118.42,0.0,176835.27
2024-10-21,2024-10-21,Professional software license,REF40390863,269.32,0.0,176565.95
2024-10-28,2024-10-28,Marketing expenses,REF89977685,190.95,0.0,176375.0
2024-11-02,2024-11-02,Business meal,REF57466248,262.15,0.0,176112.85
2024-11-04,2024-11-04,Marketing expenses,REF54981264,341.52,0.0,175771.33
2024-11-07,2024-11-07,Training/conference,REF92726080,155.35,0.0,175615.98
2024-11-15,2024-11-15,Business insurance premium,REF43910744,145.56,0.0,175470.42
2024-11-15,2024-11-15,Service payment - King Group,REF71555691,0.0,777.76,176248.18
2024-11-15,2024-11-15,Payment from Morales LLC,REF44634191,0.0,693.56,176941.74
2024-11-15,2024-11-15,"Invoice payment - Hall, Valencia and Huynh",REF78241637,0.0,1041.74,177983.48
2024-11-15,2024-11-15,Project payment - Cline-Tucker,REF41709725,0.0,601.7,178585.18
2024-11-15,2024-11-15,Project payment - Young and Sons,REF13099995,0.0,719.32,179304.5
2024-11-15,2024-11-15,Service payment - Jimenez-Cooper,REF34403468,0.0,784.69,180089.19
2024-11-15,2024-11-15,"Service payment - Jacobs, Bender and Rogers",REF42413373,0.0,634.1,180723.29
2024-11-16,2024-11-16,Equipment purchase,REF49208585,194.81,0.0,180528.48
2024-11-21,2024-11-21,Business meal,REF63627277,366.3,0.0,180162.18
2024-11-21,2024-11-21,Professional software license,REF13653227,235.88,0.0,179926.3
2024-11-29,2024-11-29,Business travel,REF86888190,505.66,0.0,179420.64
2024-12-04,2024-12-04,Business travel,REF71281468,275.77,0.0,179144.87
2024-12-06,2024-12-06,Business meal,REF90370410,202.59,0.0,178942.28
2024-12-15,2024-12-15,"Service payment - Hall, Valencia and Huynh",REF52453736,0.0,1108.08,180050.36
2024-12-15,2024-12-15,Invoice payment - Jimenez-Cooper,REF96214827,0.0,636.01,180686.37
2024-12-15,2024-12-15,Invoice payment - Young and Sons,REF71673827,0.0,402.64,181089.01
2024-12-15,2024-12-15,"Payment from Jacobs, Bender and Rogers",REF44728784,0.0,628.75,181717.76
2024-12-15,2024-12-15,Project payment - Crawford and Sons,REF72979647,0.0,1058.14,182775.9
2024-12-15,2024-12-15,Service payment - Cline-Tucker,REF58525775,0.0,676.75,183452.65
2024-12-15,2024-12-15,Project payment - King Group,REF91053536,0.0,737.96,184190.61
2024-12-15,2024-12-15,Business insurance premium,REF85255858,128.2,0.0,184062.41
2024-12-21,2024-12-21,Professional software license,REF48252729,181.09,0.0,183881.32
2024-12-21,2024-12-21,Business travel,REF16911387,234.07,0.0,183647.25
2024-12-23,2024-12-23,Business meal,REF80561288,161.26,0.0,183485.99
2024-12-24,2024-12-24,Business meal,REF31501142,205.3,0.0,183280.69
2025-01-02,2025-01-02,Accounting expense,REF69970244,253.38,0.0,183027.31
2025-01-07,2025-01-07,Equipment purchase,REF72919879,241.15,0.0,182786.16
2025-01-09,2025-01-09,Business travel,REF12703806,468.44,0.0,182317.72
2025-01-15,2025-01-15,Payment from Jimenez-Cooper,REF97863175,0.0,683.1,183000.82
2025-01-15,2025-01-15,Business insurance premium,REF64327641,171.86,0.0,182828.96
2025-01-15,2025-01-15,Service payment - Young and Sons,REF47393408,0.0,670.96,183499.92
2025-01-15,2025-01-15,Invoice payment - Crawford and Sons,REF79011429,0.0,923.38,184423.3
2025-01-15,2025-01-15,"Service payment - Jacobs, Bender and Rogers",REF43174256,0.0,528.2,184951.5
2025-01-15,2025-01-15,"Payment from Hall, Valencia and Huynh",REF45338250,0.0,1757.97,186709.47
2025-01-15,2025-01-15,Invoice payment - King Group,REF14122011,0.0,847.32,187556.79
2025-01-15,2025-01-15,Invoice payment - Cline-Tucker,REF73881115,0.0,681.68,188238.47
2025-01-17,2025-01-17,Training/conference,REF92119005,224.54,0.0,188013.93
2025-01-19,2025-01-19,Business meal,REF17685717,180.77,0.0,187833.16
2025-01-21,2025-01-21,Professional software license,REF10223599,229.12,0.0,187604.04
2025-01-22,2025-01-22,Equipment purchase,REF74982626,243.34,0.0,187360.7
2025-02-01,2025-02-01,Business travel,REF51557409,436.52,0.0,186924.18
2025-02-06,2025-02-06,Business travel,REF87960054,257.07,0.0,186667.11
2025-02-15,2025-02-15,Invoice payment - Jimenez-Cooper,REF90740133,0.0,481.63,187148.74
2025-02-15,2025-02-15,Project payment - Young and Sons,REF49862808,0.0,683.56,187832.3
2025-02-15,2025-02-15,Project payment - King Group,REF83134373,0.0,704.46,188536.76
2025-02-15,2025-02-15,Payment from Morales LLC,REF85223767,0.0,763.4,189300.16
2025-02-15,2025-02-15,Payment from Cline-Tucker,REF29608665,0.0,813.73,190113.89
2025-02-15,2025-02-15,"Payment from Jacobs, Bender and Rogers",REF44565359,0.0,553.27,190667.16
2025-02-15,2025-02-15,Payment from Crawford and Sons,REF19719197,0.0,1060.18,191727.34
2025-02-15,2025-02-15,Business insurance premium,REF25205591,162.6,0.0,191564.74
2025-02-16,2025-02-16,Business meal,REF66780785,248.47,0.0,191316.27
2025-02-18,2025-02-18,Marketing expenses,REF25417665,315.48,0.0,191000.79
2025-02-18,2025-02-18,Training/conference,REF54512970,303.92,0.0,190696.87
2025-02-20,2025-02-20,Marketing expenses,REF25507481,358.96,0.0,190337.91
2025-02-21,2025-02-21,Professional software license,REF58578961,245.21,0.0,190092.7
2025-02-24,2025-02-24,Training/conference,REF13792365,233.76,0.0,189858.94
2025-02-24,2025-02-24,Accounting expense,REF17635040,221.06,0.0,189637.88
2025-02-24,2025-02-24,Coworking space rental,REF95618380,420.85,0.0,189217.03
2025-02-25,2025-02-25,Business meal,REF57343420,314.67,0.0,188902.36
2025-02-26,2025-02-26,Coworking space rental,REF80510638,311.96,0.0,188590.4
2025-02-28,2025-02-28,Business meal,REF45520428,109.09,0.0,188481.31
2025-03-01,2025-03-01,Accounting expense,REF37030259,158.08,0.0,188323.23
2025-03-09,2025-03-09,Training/conference,REF85943018,285.27,0.0,188037.96
2025-03-10,2025-03-10,Business travel,REF80549141,329.88,0.0,187708.08
2025-03-13,2025-03-13,Accounting expense,REF86438779,224.26,0.0,187483.82
2025-03-14,2025-03-14,Equipment purchase,REF98073416,94.19,0.0,187389.63
2025-03-15,2025-03-15,Invoice payment - King Group,REF37464801,0.0,431.77,187821.4
2025-03-15,2025-03-15,Service payment - Jimenez-Cooper,REF20648309,0.0,560.07,188381.47
2025-03-15,2025-03-15,"Invoice payment - Jacobs, Bender and Rogers",REF62726714,0.0,432.6,188814.07
2025-03-15,2025-03-15,Invoice payment - Cline-Tucker,REF64349930,0.0,566.72,189380.79
2025-03-15,2025-03-15,Project payment - Morales LLC,REF83963438,0.0,655.5,190036.29
2025-03-15,2025-03-15,Invoice payment - Crawford and Sons,REF50891009,0.0,901.81,190938.1
2025-03-15,2025-03-15,Accounting expense,REF82453801,238.1,0.0,190700.0
2025-03-15,2025-03-15,Business insurance premium,REF23453875,132.38,0.0,190567.62
2025-03-16,2025-03-16,Coworking space rental,REF26280596,530.58,0.0,190037.04
2025-03-21,2025-03-21,Professional software license,REF58870186,144.47,0.0,189892.57
2025-03-23,2025-03-23,Accounting expense,REF87670530,200.71,0.0,189691.86
2025-03-24,2025-03-24,Coworking space rental,REF48901768,270.09,0.0,189421.77
2025-03-27,2025-03-27,Business travel,REF69667183,400.28,0.0,189021.49
2025-03-30,2025-03-30,Training/conference,REF36343772,169.22,0.0,188852.27
2025-03-31,2025-03-31,Coworking space rental,REF50661793,348.98,0.0,188503.29
2025-04-02,2025-04-02,Marketing expenses,REF18330995,495.75,0.0,188007.54
2025-04-04,2025-04-04,Equipment purchase,REF26716411,198.32,0.0,187809.22
2025-04-07,2025-04-07,Business travel,REF15060231,291.44,0.0,187517.78
2025-04-11,2025-04-11,Training/conference,REF40472918,255.76,0.0,187262.02
2025-04-13,2025-04-13,Business travel,REF56518229,404.28,0.0,186857.74
2025-04-15,2025-04-15,Project payment - Morales LLC,REF51721264,0.0,712.12,187569.86
2025-04-15,2025-04-15,Business insurance premium,REF27833070,140.94,0.0,187428.92
2025-04-15,2025-04-15,Project payment - Young and Sons,REF18807928,0.0,546.4,187975.32
2025-04-15,2025-04-15,Payment from King Group,REF14082049,0.0,630.05,188605.37
2025-04-15,2025-04-15,Invoice payment - Cline-Tucker,REF29369934,0.0,649.68,189255.05
2025-04-15,2025-04-15,Project payment - Crawford and Sons,REF98198380,0.0,1033.06,190288.11
2025-04-15,2025-04-15,"Invoice payment - Hall, Valencia and Huynh",REF91933107,0.0,1221.06,191509.17
2025-04-15,2025-04-15,"Service payment - Jacobs, Bender and Rogers",REF60282301,0.0,459.65,191968.82
2025-04-15,2025-04-15,Service payment - Jimenez-Cooper,REF78968347,0.0,583.28,192552.1
2025-04-16,2025-04-16,Coworking space rental,REF11147519,127.02,0.0,192425.08
2025-04-19,2025-04-19,Business travel,REF82161121,269.3,0.0,192155.78
2025-04-21,2025-04-21,Professional software license,REF97112627,197.01,0.0,191958.77
2025-04-27,2025-04-27,Coworking space rental,REF69421738,457.5,0.0,191501.27
2025-05-02,2025-05-02,Business meal,REF43282500,226.63,0.0,191274.64
2025-05-02,2025-05-02,Training/conference,REF39452117,115.66,0.0,191158.98
2025-05-03,2025-05-03,Business meal,REF18768401,343.88,0.0,190815.1
2025-05-03,2025-05-03,Accounting expense,REF91750950,169.05,0.0,190646.05
2025-05-05,2025-05-05,Marketing expenses,REF12626306,294.36,0.0,190351.69
2025-05-10,2025-05-10,Business travel,REF54896459,380.41,0.0,189971.28
2025-05-12,2025-05-12,Business travel,REF98282173,395.14,0.0,189576.14
2025-05-14,2025-05-14,Equipment purchase,REF86161928,132.63,0.0,189443.51
2025-05-15,2025-05-15,Service payment - Young and Sons,REF81554498,0.0,530.1,189973.61
2025-05-15,2025-05-15,Business insurance premium,REF94118667,128.37,0.0,189845.24
2025-05-15,2025-05-15,Invoice payment - Jimenez-Cooper,REF97800398,0.0,541.81,190387.05
2025-05-15,2025-05-15,Business travel,REF54564933,301.18,0.0,190085.87
2025-05-15,2025-05-15,Service payment - Cline-Tucker,REF90910506,0.0,604.25,190690.12
2025-05-15,2025-05-15,"Invoice payment - Hall, Valencia and Huynh",REF44903986,0.0,962.48,191652.6
2025-05-15,2025-05-15,Project payment - Crawford and Sons,REF30199756,0.0,566.07,192218.67
2025-05-15,2025-05-15,"Service payment - Jacobs, Bender and Rogers",REF49410332,0.0,501.52,192720.19
2025-05-15,2025-05-15,Service payment - King Group,REF55373316,0.0,568.93,193289.12
2025-05-15,2025-05-15,Project payment - Morales LLC,REF23125684,0.0,545.13,193834.25
2025-05-17,2025-05-17,Business meal,REF50531881,205.37,0.0,193628.88
2025-05-21,2025-05-21,Coworking space rental,REF17222935,176.86,0.0,193452.02
2025-05-21,2025-05-21,Business travel,REF49743305,293.57,0.0,193158.45
2025-05-21,2025-05-21,Professional software license,REF85764229,184.37,0.0,192974.08
2025-05-25,2025-05-25,Training/conference,REF27021845,127.79,0.0,192846.29
2025-05-26,2025-05-26,Accounting expense,REF93245538,165.2,0.0,192681.09
2025-05-31,2025-05-31,Business travel,REF24243436,382.3,0.0,192298.79
2025-06-02,2025-06-02,Business travel,REF98879637,543.89,0.0,191754.9
2025-06-10,2025-06-10,Marketing expenses,REF41821985,298.83,0.0,191456.07
2025-06-15,2025-06-15,Invoice payment - King Group,REF44694608,0.0,658.87,192114.94
2025-06-15,2025-06-15,Payment from Young and Sons,REF24350908,0.0,435.82,192550.76
2025-06-15,2025-06-15,Invoice payment - Jimenez-Cooper,REF49702211,0.0,305.47,192856.23
2025-06-15,2025-06-15,Service payment - Morales LLC,REF56164129,0.0,569.19,193425.42
2025-06-15,2025-06-15,Business insurance premium,REF77196889,107.53,0.0,193317.89
2025-06-15,2025-06-15,Payment from Cline-Tucker,REF53718582,0.0,393.34,193711.23
2025-06-15,2025-06-15,"Service payment - Jacobs, Bender and Rogers",REF76468234,0.0,455.97,194167.2
2025-06-15,2025-06-15,"Project payment - Hall, Valencia and Huynh",REF53320092,0.0,826.43,194993.63
2025-06-15,2025-06-15,Service payment - Crawford and Sons,REF90091859,0.0,855.76,195849.39
2025-06-21,2025-06-21,Professional software license,REF77016548,150.25,0.0,195699.14
2025-06-22,2025-06-22,Business travel,REF37549607,164.78,0.0,195534.36
2025-06-24,2025-06-24,Marketing expenses,REF20719625,281.03,0.0,195253.33
2025-06-25,2025-06-25,Equipment purchase,REF89059041,113.56,0.0,195139.77
2025-06-27,2025-06-27,Business meal,REF59571895,218.25,0.0,194921.52
2025-06-30,2025-06-30,Business meal,REF42568492,247.33,0.0,194674.19
2025-07-02,2025-07-02,Accounting expense,REF70197631,110.23,0.0,194563.96
2025-07-06,2025-07-06,Marketing expenses,REF55894974,207.49,0.0,194356.47
2025-07-07,2025-07-07,Coworking space rental,REF24354808,178.64,0.0,194177.83
2025-07-08,2025-07-08,Accounting expense,REF26471416,123.6,0.0,194054.23
2025-07-15,2025-07-15,Payment from Cline-Tucker,REF78879691,0.0,484.45,194538.68
2025-07-15,2025-07-15,Project payment - King Group,REF82345801,0.0,447.0,194985.68
2025-07-15,2025-07-15,Project payment - Morales LLC,REF27712065,0.0,637.33,195623.01
2025-07-15,2025-07-15,Project payment - Crawford and Sons,REF46313626,0.0,774.11,196397.12
2025-07-15,2025-07-15,"Service payment - Hall, Valencia and Huynh",REF94566351,0.0,882.11,197279.23
2025-07-15,2025-07-15,Business insurance premium,REF18310548,96.36,0.0,197182.87
2025-07-15,2025-07-15,Invoice payment - Young and Sons,REF13802524,0.0,432.57,197615.44
2025-07-15,2025-07-15,Project payment - Jimenez-Cooper,REF14200939,0.0,404.47,198019.91
2025-07-15,2025-07-15,"Service payment - Jacobs, Bender and Rogers",REF68906394,0.0,387.66,198407.57
2025-07-17,2025-07-17,Business meal,REF47996201,114.22,0.0,198293.35
2025-07-20,2025-07-20,Business travel,REF80524519,266.28,0.0,198027.07
2025-07-21,2025-07-21,Professional software license,REF73207085,137.52,0.0,197889.55
2025-07-21,2025-07-21,Marketing expenses,REF31097033,174.27,0.0,197715.28
2025-07-30,2025-07-30,Business meal,REF54322106,192.92,0.0,197522.36
2025-08-06,2025-08-06,Business meal,REF56715719,175.09,0.0,197347.27
2025-08-09,2025-08-09,Training/conference,REF21948888,84.03,0.0,197263.24
2025-08-11,2025-08-11,Coworking space rental,REF44120415,205.32,0.0,197057.92
2025-08-11,2025-08-11,Business meal,REF54412960,54.76,0.0,197003.16
2025-08-15,2025-08-15,"Invoice payment - Jacobs, Bender and Rogers",REF42257905,0.0,364.13,197367.29
2025-08-15,2025-08-15,Business insurance premium,REF77553866,109.1,0.0,197258.19
2025-08-15,2025-08-15,Payment from Crawford and Sons,REF28938507,0.0,789.26,198047.45
2025-08-15,2025-08-15,Business travel,REF81125708,235.17,0.0,197812.28
2025-08-15,2025-08-15,"Invoice payment - Hall, Valencia and Huynh",REF15235623,0.0,814.57,198626.85
2025-08-15,2025-08-15,Invoice payment - Morales LLC,REF91669482,0.0,696.52,199323.37
2025-08-15,2025-08-15,Invoice payment - King Group,REF24920557,0.0,530.29,199853.66
2025-08-15,2025-08-15,Invoice payment - Young and Sons,REF35511778,0.0,389.32,200242.98
2025-08-15,2025-08-15,Payment from Jimenez-Cooper,REF92501587,0.0,406.65,200649.63
